4244 5850
943 492 1100 593 (205)

279 677 285 689 '
333 666 453 745 Facile
473 677 713 742 secernuntur
734 659 880 760 apullis
897 655 1253 759 anbrioorum'qui
1268 662 1308 733 in
1329 662 1556 761 receptaculo
1575 679 1772 739 occurrunt
1788 685 1956 766 puerinum

280 797 329 865 1⁰·
342 788 477 880 forme,
501 811 585 860 nam
608 808 739 884 corpus
760 781 805 855 ad
827 780 916 853 duas
935 779 1177 850 extremitates
1197 781 1363 854 conicum
1385 780 1539 875 babent3
1563 786 1604 855 2ο
1621 784 1771 860 defectu
1787 756 1996 891 ffli‘J'ssssiiss,

278 909 518 997 mutilorum,
539 917 665 1004 utpote
688 903 753 1001 qui
774 900 909 973 hebent
930 925 1060 998 corpus
1074 899 1280 999 levigatum
1299 915 1338 974 et
1356 905 1434 975 sine
1459 889 1996 981 intersectionibusL⁰⁰¹b¹¹⁰⁰¹¹¹¹¹¹·

278 1025 593 1116 transversalibus3
616 1025 656 1097 3ο
672 1022 823 1094 defectu
837 1022 978 1118 vestigii
996 1019 1132 1093 clitelli.
1156 1021 1300 1093 Etenim
1324 1021 1527 1114 Lumbrici,
1546 1026 1773 1125 quicumque

280 1153 327 1223 sit
353 1148 452 1221 enim
486 1146 659 1242 exiguus,
687 1162 829 1239 senper
862 1139 942 1215 lere
973 1142 1165 1238 vestigium
1201 1140 1324 1214 clitelli
1357 1142 1513 1235 hahent3
1553 1145 1595 1237 4⁰
1626 1145 1773 1221 defectu

282 1266 437 1366 pedum,
466 1264 505 1335 hi
526 1265 564 1334 in
589 1260 754 1332 omnibus
775 1259 884 1359 pullis
910 1258 1111 1330 Lumbricis
1131 1274 1342 1335 cernuntur.
1368 1261 1549 1336 Ultimum
1572 1264 1641 1337 boc
1662 1267 1773 1338 crite-

279 1388 375 1460 rium
387 1386 553 1456 omnium
562 1394 617 1452 est
628 1381 831 1478 optimum,
849 1377 909 1453 sed
921 1378 977 1449 his
995 1377 1101 1451 addas
1114 1382 1431 1454 conformationem
1448 1385 1594 1456 omnino
1610 1386 1774 1483 peculia-

280 1532 357 1580 rem
379 1504 513 1577 canalis
532 1500 745 1574 intestinalis
768 1500 991 1590 vibrionum,
1019 1500 1165 1573 habebis
1187 1504 1392 1600 congeriem
1419 1505 1645 1577 criteriorum
1664 1507 1773 1602 primi

277 1624 432 1715 ordinis,
458 1647 541 1720 quae
558 1634 595 1693 te
616 1620 817 1720 inpedient
830 1623 1025 1717 quominus
1046 1619 1125 1693 illos
1144 1647 1227 1693 cum
1250 1622 1358 1718 pullis
1382 1622 1656 1697 Lumbrioorum
1682 1650 1772 1698 con-

282 1743 425 1819 fundas.
441 1743 640 1834 Ceterum,
654 1740 845 1815 videantur
863 1738 1079 1838 objectiones
1099 1765 1186 1837 quas
1201 1740 1428 1838 opinionibus
1444 1742 1630 1815 clarissimi
1647 1746 1772 1817 Home

278 1865 451 1963 opposui,
465 1875 506 1936 et
526 1861 609 1936 luce
632 1860 774 1949 clarior,
799 1862 837 1931 ni
861 1859 982 1952 fallor,
1009 1859 1296 1936 observationum
1321 1877 1524 1937 nostrmum
1548 1866 1682 1939 veritas
1704 1888 1773 1965 ap-

278 1981 432 2084 parebit.

824 2217 976 2285 snctto
1022 2217 1223 2287 SEP'HMA.

321 2546 324 2551 Ι
432 2448 513 2521 DE
551 2446 1005 2521 SECRETIONIBUS
1035 2445 1114 2519 ΕΤ
1145 2446 1623 2523 EXCRETIONIBUS'.

331 2706 407 2779 ll'oc
427 2707 507 2780 loco
532 2705 712 2806 agendum
736 2718 791 2777 est
818 2705 864 2776 de
892 2704 1157 2778 secretionibus
1182 2708 1258 2778 sive
1287 2710 1543 2799 excrementis,
1569 2705 1631 2779 sed
1653 2730 1769 2804 quum

281 2827 329 2900 de
346 2827 400 2898 bis
414 2826 484 2925 jam
501 2851 607 2925 supra
627 2824 845 2914 sufficienter
866 2824 977 2894 locuti
998 2824 1192 2914 fuerimus,
1216 2824 1353 2897 directe
1374 2827 1417 2897 ad
1441 2827 1654 2899 secretiones
1669 2826 1770 2898 muci·

281 2945 520 3019 transibimus.
561 2944 644 3016 Jam
666 2942 778 3032 disi,
804 2941 848 3013 de
873 2941 1037 3015 resiculis
1070 2943 1182 3013 ae‘reis
1212 2967 1338 3038 agens,
1374 2943 1453 3014 illos
1482 2967 1598 3015 saccos
1630 2940 1768 3014 habitos

282 3066 392 3138 fuisse
413 3081 597 3163 tamquam
620 3088 750 3163 organa
772 3063 960 3135 secretoria
976 3063 1073 3133 muci
1091 3074 1128 3132 et
1145 3075 1290 3159 propter
1313 3063 1523 3158 positionem
1545 3085 1671 3132 eorum
1687 3059 1768 3130 filo-

281 3211 363 3258 rum
389 3199 427 3257 et
446 3184 657 3257 relationem
677 3209 759 3257 cum
783 3184 876 3280 poris
898 3183 1003 3255 dorsi.
1030 3182 1264 3281 Aliquemdiu
1291 3182 1377 3254 huic
1401 3183 1562 3280 opinioni
1585 3206 1764 3271 assensus3

282 3316 372 3376 tunc
401 3328 461 3375 me
495 3292 629 3374 latebat
663 3302 925 3374 existentiali).
953 3314 1016 3374 aut
1044 3305 1092 3372 10
1120 3300 1372 3399 glandularum
1409 3301 1647 3398 peculiarium
1686 3324 1769 3398 quae

281 3422 439 3519 primum
463 3420 655 3496 observatae
680 3421 791 3493 fuisse
817 3418 986 3493 ridentur
1011 3446 1030 3491 a
1056 3419 1113 3491 el.
1138 3419 1240 3491 Bosc
1268 3432 1305 3491 et
1325 3419 1451 3491 Home
1457 3470 1473 3505 ,
1499 3417 1600 3513 (vid.
1630 3416 1771 3491 tabulas·

281 3536 392 3639 hujus
411 3539 613 3636 posterioris
636 3540 791 3611 auctoris
815 3537 1072 3611 dissertationis
1088 3540 1129 3611 in
1152 3538 1276 3611 Trans.
1305 3538 1437 3610 Philos.
1466 3541 1552 3609 anni
1575 3538 1712 3636 1823.)

329 3678 404 3750 lllae
426 3677 605 3776 glandulae
622 3678 721 3772 (vid.
731 3679 810 3776 fig.
834 3681 858 3770 4
880 3695 917 3752 et
934 3681 969 3754 5.
994 3683 1071 3753 tab.
1092 3682 1188 3754 XV
1185 3682 1342 3753 III-bis
1359 3680 1519 3764 -XX.l
1543 3693 1629 3752 sunt
1645 3679 1767 3776 dispo-
1783 3704 1930 3785 thndnta
1953 3725 1993 3784 se-

282 3798 356 3871 sitoe
369 3797 569 3870 secundum
587 3796 676 3869 duas
692 3799 800 3869 series
814 3797 1090 3896 longitudinales
1106 3799 1150 3870 ad
1166 3813 1282 3897 partes
1299 3799 1424 3871 clitelli
1437 3799 1765 3896 correspondentes,
1775 3784 1994 3829 ¹³³⁸²¹⁰²¹¹⁸³¹¹¹⁰¹‘

280 3928 319 3987 et
333 3919 381 3986 10
395 3918 470 3987 sive
493 3919 541 3986 12
556 3917 731 4007 esistunt,
755 3916 776 3989 5
791 3930 854 3989 aut
867 3918 894 3989 6
907 3916 951 3988 ab
974 3929 1128 4014 utroque
1147 3915 1258 3990 latere
1276 3943 1346 4015 pro
1366 3942 1518 3990 numero
1545 3917 1765 3991 annulorum

280 4036 346 4133 qui
369 4034 509 4109 clitello
531 4036 900 4134 comprehenduntur.
928 4037 1021 4108 Sunt
1052 4035 1310 4135 subsphericae,
1333 4037 1416 4108 satis
1440 4061 1585 4129 crassae,
1618 4036 1764 4135 repletae

279 4153 419 4255 liquore
442 4181 587 4227 mucoso
609 4157 694 4227 satis
710 4154 929 4247 abundanti,
959 4158 1066 4228 etiam
1088 4170 1355 4255 postmortem,
1387 4158 1525 4231 etiamsi
1550 4155 1767 4228 Lumbricus:

276 4272 423 4376 jamjam
446 4277 646 4347 moriturus
666 4299 836 4373 magnum
854 4274 965 4373 hujus
984 4274 1133 4375 liquoris
1148 4277 1384 4375 quantitatem
1406 4278 1556 4348 emittat.
1581 4274 1761 4347 Videntur

278 4392 328 4469 eb
346 4394 419 4468 unt
436 4408 540 4491 perte
564 4393 725 4483 desinere
751 4394 800 4466 ad
819 4396 998 4469 musculos
1021 4396 1161 4488 clitelli,
1187 4410 1225 4471 et
1246 4395 1295 4468 ab.
1312 4395 1422 4468 altera
1432 4450 1444 4489 ,
1468 4420 1551 4473 esse
1576 4394 1704 4469 tiber-e
1723 4409 1761 4468 et

279 4517 518 4621 comprimere
554 4514 726 4591 vesiculas
751 4518 870 4588 aereas
895 4540 976 4614 quse
1002 4515 1168 4591 adlatus
1185 4530 1383 4590 occurrunt
1413 4528 1521 4618 atque
1549 4515 1763 4593 intestinum
