4244 5850
898 533 1026 636 (83)

205 717 305 780 terra
321 698 543 775 constituens
558 696 787 776 excrementa
802 714 841 774 at
855 699 995 774 imbuta
1018 699 1081 774 tali
1095 698 1314 776 humiditate
1333 712 1378 776 ut
1395 703 1495 777 omni
1511 703 1618 779 modo
1633 729 1709 782 sese

206 822 358 903 flectere
380 834 419 894 et
435 820 590 894 formam
609 819 721 894 semel
742 818 907 893 indutam
928 845 1141 897 conservare
1167 823 1292 920 possit,
1315 820 1482 923 ejicietur
1503 823 1570 899 sub
1591 825 1710 901 sormi

207 943 446 1047 parvulorum
462 940 634 1016 tuborum
651 940 950 1042 cylindricorum,
973 943 1177 1041 superficiei
1198 942 1392 1042 laevigatae,
1409 955 1447 1018 et
1462 959 1712 1022 contortorum

207 1064 318 1142 variis
338 1062 472 1154 modis,
496 1058 598 1136 nunc
616 1063 656 1134 in
673 1087 716 1135 se
736 1063 848 1162 ipsos,
875 1086 977 1135 nuuc
999 1066 1143 1138 veroin
1170 1061 1275 1136 tubos
1294 1061 1368 1166 jam
1390 1063 1579 1164 depositos.
1605 1066 1710 1142 Adde

208 1183 310 1285 quod
326 1194 556 1257 excrementa
575 1182 790 1257 circularem
806 1184 845 1255 iu
864 1182 1015 1255 modum
1028 1185 1184 1258 invicem
1203 1172 1280 1257 sese
1296 1183 1495 1281 obducant,
1513 1212 1630 1284 quum
1650 1186 1711 1264 vel

208 1305 363 1381 minimo
380 1303 458 1376 loco
476 1316 642 1378 movetur
656 1302 809 1397 anima13
833 1316 871 1376 et
888 1300 1021 1405 justam
1037 1303 1103 1377 tibi
1122 1304 1292 1378 formabis
1308 1305 1436 1379 idaeam
1454 1306 1500 1380 de
1513 1306 1584 1380 illis
1602 1333 1711 1384 mon-

157 1457 162 1465 ’
209 1425 348 1518 ticulis,
361 1424 599 1524 crispantibus
614 1424 812 1525 aggerub’s,
828 1432 920 1523 quos
934 1423 979 1497 ad
995 1450 1073 1497 oras
1091 1426 1311 1498 foraminum
1327 1424 1489 1500 efficiunt
1509 1426 1708 1502 Lumbrici.

254 1544 461 1636 Lumbi-ici,
480 1547 678 1643 praesertim
690 1571 812 1644 quum
829 1558 966 1619 terrore
992 1545 1215 1638 afficiuntur,
1233 1559 1463 1619 excrementa
1484 1549 1579 1646 'saepe
1592 1573 1711 1648 agge-

208 1666 300 1746 rulis
325 1668 538 1766 interruptis
561 1665 767 1767 deponunt3
795 1667 858 1740 sed
883 1667 986 1741 nullo
1011 1669 1204 1741 accedente
1233 1669 1362 1740 timore
1384 1666 1446 1739 illa'
1472 1665 1572 1741 lente
1596 1667 1711 1768 depo-

210 1800 318 1864 nunt.
346 1787 404 1860 Illi
426 1785 588 1886 aggeruli
612 1789 806 1886 crispantes
825 1788 936 1861 etiam
959 1790 1145 1888 compositi
1167 1802 1253 1863 sunt
1268 1813 1317 1862 en
1340 1788 1435 1861 terri
1456 1813 1566 1889 quam
1586 1814 1653 1890 per
1672 1815 1711 1864 os

207 1909 346 1988 evomit
365 1905 600 1999 lumbricus,
623 1907 722 2006 quod
740 1908 953 2007 frequenter
976 1909 1119 1983 accidit.

634 2406 853 2500 rsus
886 2536 891 2545 ³
923 2406 1274 2501 sunm.

214 2645 490 2729 ANATOMIA
527 2645 593 2720 ET
629 2644 945 2721 DESCRIPTIO
984 2641 1324 2720 ORGANORUM
1358 2639 1708 2718 INTERIORUM.

856 2865 1066 2905 -εοα-

778 3049 946 3123 sscno
972 3046 1131 3122 runs.

735 3212 1185 3320 urorum.

768 3601 914 3673 carus
960 3597 1151 3670 causon.
1197 3704 1199 3708 ὗ

521 3820 569 3868 DE
607 3815 798 3868 must-:uus
839 3817 886 3866 ΕΤ
924 3815 972 3863 DE
1010 3810 1125 3863 stans
1166 3804 1402 3860 MUSCULARI·

255 4015 423 4093 Diversae
436 4012 572 4113 species
586 4011 836 4086 musculorum
849 4010 890 4080 in
910 4004 1112 4080 Lumbri‘cis
1134 4002 1411 4104 distinguimus,
1433 3996 1496 4075 sed
1512 4020 1634 4073 omues
1650 3995 1705 4071 illi
1757 4031 1934 4103 cmm,

210 4137 275 4239 qui
301 4136 529 4212 constituunt
557 4133 853 4231 integumentum
882 4128 1050 4229 generale
1083 4126 1258 4202 exhibent
1283 4122 1478 4197 notabilem
1504 4119 1704 4221 analogiam
1723 4101 1935 4227 ffimfflg]

210 4283 295 4335 cum
317 4255 491 4331 musculis
506 4252 763 4327 Mulluscorum
782 4248 1078 4349 Cephalopodum
1094 4261 1132 4322 et
1148 4243 1450 4345 Gasteropodum,
1467 4240 1567 4341 (vid.
1582 4241 1703 4315 Mem.
1722 4238 1768 4294 ¹1⁸·

204 4403 306 4477 pour
313 4377 435 4451 servir
448 4379 474 4448 ἀ
486 4373 692 4447 l'Histoire
702 4385 740 4446 et
750 4372 776 4444 ὰ
788 4370 1034 4446 l’Anotomie
1046 4371 1112 4444 des
1125 4371 1370 4467 Mollesques
1376 4417 1391 4454 ,
1399 4389 1475 4462 par
1483 4363 1545 4438 M.
1559 4361 1705 4436 Carior.

212 4501 322 4579 1817.
343 4523 425 4598 pag.
449 4497 498 4567 12
517 4508 555 4568 et
572 4495 659 4595 sq.).
685 4494 849 4587 Etenim,
873 4495 916 4582 in⁴
936 4491 1102 4567 omuibus
1118 4490 1218 4565 bisce
1240 4484 1474 4577 animalibus,
1498 4493 1536 4555 et
1554 4504 1707 4581 praeser-

210 4619 328 4697 tim'in
340 4615 535 4711 Lumbrico
545 4616 723 4713 terrestri,
740 4618 980 4694 maceratione
990 4614 1081 4712 soli,
1096 4625 1198 4717 patet
1212 4608 1394 4691 musculos
1409 4605 1622 4708 compositos
1630 4625 1707 4680 esse
