4244 5850
1090 503 1245 604 (⁴50)

423 702 526 753 secus
547 699 696 764 cavum,
723 684 759 745 et
782 672 833 745 sic
858 668 1006 744 liberam
1030 669 1178 745 exhibet
1196 672 1406 747 relationem
1431 675 1526 751 inter
1547 683 1627 754 ae'ra
1652 695 1689 754 et
1711 687 1918 763 interiorem

425 796 574 873 vesiculi
598 807 749 896 partem.
777 791 942 865 Alterum
966 791 1067 866 lil'um
1087 790 1250 895 longius,
1275 795 1416 871 diverso
1436 800 1541 873 modo
1559 817 1780 898 contortum,
1797 808 1921 884 adbre-

425 932 482 992 ret
506 917 640 1016 cuique
662 913 941 1014 diaphragmati3
967 914 1006 986 in
1026 912 1177 1017 ejusque
1203 918 1432 1016 superficiem
1455 921 1663 996 extenditur
1688 951 1749 998 vas
1769 933 1921 1028 sangui-

425 1060 537 1110 neum
562 1033 658 1135 quod
687 1033 829 1108 nonnisi
851 1045 904 1106 est
927 1035 1136 1108 ramiticatio
1155 1038 1278 1136 magni
1302 1038 1391 1112 vasis
1415 1039 1699 1138 longitudinalis.
1725 1046 1852 1123 Nescio
1872 1075 1924 1131 an

426 1154 603 1258 posterius
622 1154 692 1229 hoo
716 1153 818 1228 iilum
838 1154 1019 1229 dividatur
1043 1168 1214 1255 tanquam
1233 1156 1420 1231 trachese
1409 1186 1449 1232 ιιι
1471 1162 1630 1255 insectis,
1647 1165 1714 1239 sed
1731 1174 1924 1283 nunquam'

426 1274 706 1353 subdivisionem
739 1273 1001 1367 animadverti,
1031 1271 1283 1351 difficillimum
1313 1279 1410 1352 euim
1439 1295 1494 1353 est
1526 1282 1618 1383 ejus
1633 1311 1780 1361 cursum
1816 1290 1922 1392 sequi

427 1402 600 1500 quianon
619 1398 725 1498 longe
748 1423 767 1471 a
791 1396 963 1471 discessus
984 1410 1138 1499 puncto,
1160 1398 1288 1471 intime
1307 1394 1466 1473 adhaeret
1488 1417 1595 1477 strato
1618 1408 1838 1503 masculari,
1856 1424 1923 1489 aut

427 1516 708 1621 diaphragmati,
734 1531 799 1592 aut
819 1516 979 1616 denique
1002 1517 1219 1593 membranae
1240 1518 1520 1596 submusculari.

202 1690 277 1809 upon
339 1679 419 1736 ιιιιιο
477 1665 568 1737 Dure
597 1661 763 1738 vesiculae
790 1663 1060 1735 communicant
1084 1688 1210 1737 eorum
1235 1662 1350 1736 oto
1323 1690 1399 1737 save
1425 1664 1604 1741 divisione
1623 1671 1810 1768 superiore
1835 1694 1925 1749 crau

221 1755 402 1891 ¹tarpio
428 1783 580 1924 sqngulj,
601 1784 715 1884 pori„
738 1784 787 1856 ita
810 1786 935 1856 maer
956 1807 1021 1882 per
1042 1781 1111 1855 hoe
1132 1796 1343 1882 penetrans,
1367 1787 1485 1883 vergit
1501 1787 1540 1860 in
1560 1789 1753 1865 vesiculam
1774 1790 1859 1881 indo
1881 1780 1937 1871 ia'

429 1907 509 2010 ejus
532 1903 627 1978 tilam
654 1912 718 1977 aut
737 1904 985 1978 extensionem
1007 1904 1231 1977 inferiorem.

206 2050 275 2103 ιιιι
297 2040 424 2098 crocota-
482 2022 553 2099 Vas
579 2025 820 2120 sanguineum
853 2023 951 2123 quod
981 2026 1243 2096 concomitatur
1265 2025 1423 2125 singulas
1450 2027 1686 2119 vesiculas,
1676 2055 1714 2102 ιιι
1738 2030 1925 2107 infinitum

272 2128 342 2164 ‘um'
429 2148 604 2225 dividitur
624 2158 697 2220 tam
719 2147 757 2219 in
781 2148 924 2246 propria
941 2145 1180 2221 vesicularum
1198 2159 1426 2245 tegumenta,
1448 2172 1559 2245 quam
1580 2149 1619 2219 in
1643 2141 1850 2247 tegnmem
1869 2151 1921 2225 lili

431 2269 611 2347 inferioris
628 2266 726 2369 quod
752 2269 869 2367 ipsum
892 2266 995 2342 ducit
1015 2267 1094 2341 illas
1115 2270 1388 2341 ramiticationes
1409 2293 1515 2366 aeque
1536 2272 1694 2343 infinitas
1709 2273 1749 2344 in
1770 2286 1923 2349 atratum

430 2389 647 2466 musculare.
672 2387 885 2463 verosimile
907 2401 979 2479 est,
1006 2402 1153 2488 propter
1175 2388 1268 2461 hanc
1288 2387 1574 2487 dispositionem,
1600 2393 1813 2489 sauguinem
1837 2417 1924 2467 caan

433 2516 515 2586 avire
535 2513 574 2583 in
596 2523 802 2583 conmotum
828 2510 952 2582 venire
971 2508 1222 2581 tantummodo
1243 2507 1281 2580 in
1304 2508 1557 2607 posterioribus
1578 2509 1677 2582 hasoe
1698 2512 1925 2587 ramilioatio-

434 2631 558 2725 nibus,
581 2644 619 2704 et
635 2629 829 2706 divisiones
850 2644 1027 2702 extremas
1047 2654 1263 2726 organorum
1284 2629 1594 2727 respiratoriorum
1607 2629 1744 2704 directe
1758 2654 1927 2707 commn-

434 2754 557 2828 uicare
580 2776 666 2826 cum
691 2749 926 2827 divisionibus
947 2753 1118 2823 extremis
1139 2774 1353 2846 organorum
1378 2749 1630 2824 saecularium.

213 2905 368 2963 ιιιιιιιιιιιι
391 2914 437 2954 ιι
486 2873 694 2951 Membrana
716 2887 866 2947 externa
885 2871 1125 2947 vesicularum
1147 2874 1333 2944 aerearum
1349 2895 1443 2969 saepe
1460 2873 1499 2943 in
1521 2897 1560 2944 se
1579 2874 1693 2970 ipsam
1711 2871 1926 2973 replicatur,

263 2972 405 3023 ''⁸¹¹⁸'w''
437 3011 516 3074 tum
542 2994 690 3073 exbibet
720 2997 856 3094 species
883 2993 996 3069 veluti
1030 3020 1211 3077 ¹ramorum
1239 3007 1306 3065 aut
1330 2996 1477 3066 sinuum
1510 2996 1667 3067 maxime
1701 2993 1925 3071 notabilium.
1986 2986 1992 2997 ⁴

437 3120 565 3212 Quum
587 3116 658 3193 illm
682 3114 851 3192 vesiculae
877 3140 943 3217 per
968 3130 1134 3215 quartam
1164 3115 1262 3188 horae
1285 3127 1424 3214 partem
1445 3115 1485 3185 in
1507 3115 1603 3213 aquai
1626 3113 1758 3213 frigidi
1786 3114 1928 3217 vulgari

437 3252 666 3329 manserunt,
705 3237 867 3312 induunt
900 3235 1097 3336 pulchrum
1129 3235 1284 3308 colorem
1309 3233 1491 3326 albidum,
1522 3233 1808 3329 subcaerulenna3
1834 3238 1930 3313 liunt

441 3386 550 3471 opaca
582 3373 621 3432 et
646 3356 735 3432 adeo
761 3357 958 3432 dilatantur
985 3370 1030 3431 ut
1060 3355 1229 3455 parvulas
1256 3357 1556 3428 extumescentjas
1583 3356 1784 3429 ellorment.
1823 3357 1930 3458 Aqua

441 3478 554 3554 calida
571 3478 636 3572 40⁰
653 3490 717 3550 aut
738 3477 804 3550 50⁰
826 3501 880 3574 gr.
906 3477 948 3550 ll.
967 3476 1061 3550 hanc
1084 3479 1339 3567 mutationem,
1362 3500 1438 3548 ano
1457 3488 1640 3547 momento
1660 3473 1779 3547 efficit

491 3600 535 3675 ln
560 3600 731 3672 interiore
747 3611 849 3697 parte
875 3598 1113 3698 quarumdam
1146 3597 1385 3672 vesiculamm
1411 3600 1470 3691 (et
1488 3593 1585 3694 apud
1600 3594 1720 3694 aliqua
1743 3592 1930 3671 mdivtrha

445 3724 485 3795 in
508 3717 718 3816 omuibus),
742 3719 921 3817 reperitur
939 3721 1139 3795 secundum
1166 3720 1292 3811 lilum,
1311 3718 1549 3791 consistentire
1577 3715 1774 3808 validioris,
1803 3715 1931 3793 forne

446 3842 614 3929 sinum,
636 3836 766 3911 colotis
785 3835 867 3910 flavi
891 3836 1027 3937 pallidi.
1055 3840 1218 3940 Sepeia
1241 3839 1394 3912 helicem
1417 3850 1688 3936 contorquetur.
1709 3837 1826 3934 lpsiua
1844 3858 1934 3913 nen

447 3981 508 4032 me
527 3956 631 4047 latet,
649 3954 743 4055 (fig
767 3956 792 4048 4
812 3968 852 4028 et
868 3959 904 4036 7.
926 3960 1005 4030 tob.
1023 3961 1154 4034 XIV.
1177 3961 1299 4060 etfig
1322 3963 1358 4031 2.
1383 3959 1463 4031 tob.
1487 3954 1627 4029 XXV
1622 3956 1652 4028 1
1656 3955 1851 4052 -xxxt

498 4075 660 4149 Tandem
684 4073 853 4150 vesicttlae
872 4077 1045 4152 exhibent
1064 4084 1148 4153 sotis
1166 4107 1311 4181 magnas
1332 4080 1545 4155 sanationes
1563 4101 1629 4175 pm
1647 4072 1860 4169 individu'n,
1878 4089 1935 4149 aat

451 4198 585 4298 pariter
605 4194 762 4295 hyemali
785 4220 827 4268 ac
852 4221 962 4272 verno
989 4213 1027 4273 et
1052 4204 1254 4277 autumnali
1279 4218 1441 4303 umpare
1466 4212 1553 4275 sunt
1569 4197 1735 4274 evolutae.
1767 4196 1820 4270 Ut
1839 4196 1935 4275 bu

452 4318 731 4419 perspiciantur,
753 4318 897 4419 ioaqd
910 4319 1073 4399 doacus
1096 4329 1173 4401 fieri
1196 4326 1315 4401 debet
1340 4324 1539 4423 Nunquam
1561 4318 1639 4392 illas
1660 4317 1733 4390 aidi
1749 4318 1789 4390 in
1806 4316 1936 4395 deon

453 4434 632 4537 prioribus
650 4434 795 4511 annulis
814 4452 871 4534 et,
892 4449 1091 4541 generatim
1110 4445 1311 4549 loquendo,
1342 4459 1484 4520 uatum
1501 4440 1598 4517 intre
1616 4437 1860 4516 venientum
1876 4442 1939 4519 π’-

455 4558 575 4635 aihiles
598 4558 768 4637 evadam.
