4244 5850
927 546 1078 646 (2⁰7)

267 742 390 789 eorum
411 729 476 790 aut
495 716 733 805 Annelidum,
759 727 837 785 turn
855 711 895 782 in
919 709 1087 782 classibus
1106 709 1290 806 reptilium
1311 723 1348 781 et
1369 710 1522 787 aliorum
1543 707 1755 781 animahum

266 859 339 907 non
375 836 458 907 satis
491 859 680 907 numerosa
721 832 926 911 etdiversa
957 841 1042 900 sunt
1078 841 1121 900 ut
1159 830 1211 899 rei
1243 828 1421 902 sufficiens
1453 828 1643 927 explicatio
1677 828 1756 901 dari

264 968 393 1053 posset.
409 954 581 1026 Fatemur
601 978 665 1024 nos
681 952 726 1024 de
743 952 812 1024 hoc
824 949 962 1047 objecto
977 949 1239 1019 numerosiores
1258 949 1547 1047 investigationes
1562 962 1672 1047 atque
1688 947 1755 1019 ob-

265 1074 482 1148 servationes
497 1071 608 1145 fuisse
632 1072 806 1160 facturos,
829 1071 858 1140 si
880 1071 1042 1140 sivissent
1058 1070 1352 1160 circumstantiae,
1371 1070 1433 1141 sed
1456 1069 1615 1141 arbitrati
1630 1094 1756 1141 sumus

265 1194 466 1292 genuinum
496 1194 700 1289 quaestionis
724 1215 867 1263 sensum
893 1189 940 1258 ita
968 1187 1244 1285 intelligendum
1270 1212 1360 1276 esse,
1393 1200 1435 1260 ut
1465 1188 1640 1259 anatomia
1673 1191 1755 1258 ani-

265 1311 367 1383 malis
388 1313 533 1409 proprie
559 1312 609 1382 sic
631 1311 724 1381 dicta
749 1322 932 1402 tamquam
958 1308 1139 1403 praecipua
1163 1319 1200 1377 et
1223 1292 1423 1377 essentialis*
1439 1333 1520 1404 pars
1541 1307 1664 1380 haberi
1687 1306 1754 1379 de-

264 1430 377 1503 beret.
405 1433 573 1502 Attamen
608 1455 664 1502 res
691 1431 798 1501 variae
821 1451 909 1524 quas
939 1427 977 1495 in
1006 1426 1074 1495 hoc
1102 1427 1219 1522 capite
1244 1428 1283 1497 in
1314 1426 1473 1498 medium
1504 1427 1752 1523 proferemus,

263 1550 347 1625 luce
368 1548 630 1623 collustrabant
657 1547 820 1647 quadam
849 1545 957 1618 dubia
987 1559 1065 1616 tum
1092 1544 1137 1616 de
1162 1548 1280 1644 specie
1302 1542 1515 1618 incrementi
1537 1547 1633 1644 quod
1656 1545 1754 1619 subit

263 1668 479 1751 Lumbricus
502 1695 633 1767 quum,
656 1668 755 1742 verbi
780 1665 902 1754 causat,
929 1666 1044 1762 portio
1065 1666 1142 1764 ejus
1163 1652 1318 1763 corporis¹
1333 1667 1540 1738 mechanico
1557 1667 1662 1740 modo
1678 1668 1753 1741 fuit

264 1786 409 1879 ablata,
436 1800 515 1860 tum
544 1787 589 1860 de
616 1785 801 1885 speciebus
822 1799 1060 1857 monstrorum
1092 1811 1173 1883 quae
1206 1786 1385 1859 efformari
1412 1801 1561 1885 possunt
1586 1813 1659 1859 non
1686 1812 1751 1887 per

264 1909 531 2006 generationem
552 1906 615 1979 sed
640 1908 722 1978 solis
747 1908 861 1979 causis
881 1906 1036 2003 physicis
1061 1919 1098 1976 et
1122 1905 1377 1979 materialibus.
1412 1906 1637 1997 Quibusdam
1665 1930 1750 2006 ergo

263 2025 542 2125 generalioribus
566 2027 772 2125 premissis,
801 2039 965 2124 quartam
993 2040 1031 2098 et
1057 2026 1221 2099 ultimam
1248 2026 1384 2134 hancce
1413 2042 1550 2125 partem
1584 2027 1749 2101 bifariam

263 2145 475 2241 partiemur.
1411 2132 1417 2149 ’
1704 2138 1718 2164 ’

311 2262 475 2353 Qualitas
491 2262 780 2361 hermaphroditat
798 2265 868 2361 quai
894 2265 1052 2362 gaudent
1068 2267 1242 2339 nonnulla
1259 2268 1426 2343 animalia
1445 2267 1747 2366 vegetabiliaque,

261 2385 474 2454 resurrectio
497 2408 605 2480 qnam
630 2381 789 2455 subeunt
809 2382 964 2481 plurima
985 2386 1178 2459 animantia
1207 2387 1416 2459 ultimarum
1439 2386 1621 2478 classium,
1650 2401 1748 2487 post-

261 2523 369 2599 quam
401 2503 478 2574 sine
508 2501 583 2575 ullo
611 2503 697 2576 vitae
725 2502 824 2598 signo
860 2502 923 2574 diu
945 2505 1201 2595 remanserint,
1230 2506 1458 2604 reproductio
1501 2507 1747 2606 quarumdam

261 2621 418 2717 partium
439 2632 464 2691 a'
488 2646 635 2718 corpore
662 2620 884 2711 ablatarum,
910 2626 1028 2693 ornnia
1057 2622 1117 2694 illa
1145 2624 1239 2696 faeta
1261 2625 1518 2699 recentioribus
1543 2624 1749 2699 auctoribus

260 2738 449 2813 debentur.
503 2742 683 2812 Linaoeas
692 2793 707 2826 ,
755 2742 965 2836 Trembley,
1006 2743 1276 2835 Spallanzaai,
1320 2746 1490 2828 Boanat,
1528 2746 1744 2831 Reaumar,

259 2859 476 2944 Needham,
509 2861 632 2945 Base,
669 2862 820 2947 Bauer,
855 2874 892 2933 et
923 2862 982 2932 alii
1015 2861 1113 2932 illam
1145 2877 1284 2961 partem
1318 2863 1551 2961 philosophiae
1575 2863 1747 2938 naturalis

260 2978 377 3053 vivida
400 2979 483 3051 luce
514 2980 790 3074 collustratum,
823 2997 860 3054 et
881 2982 1052 3054 lectorem
1079 2982 1295 3054 remittimus
1318 2983 1363 3053 ad
1390 3006 1515 3054 eorum
1543 3008 1650 3082 opera
1674 2969 1764 3056 im-'

260 3098 401 3175 mortali
423 3098 534 3196 gloria
558 3101 739 3198 insignita.

302 3218 453 3291 Constat
466 3218 567 3291 'inter
593 3246 716 3292 omnes
744 3221 1025 3296 observationem
1051 3218 1333 3317 reproductiouis
1354 3220 1510 3316 partiunt
1533 3218 1742 3291 animalium

257 3337 373 3433 ptimo
382 3336 459 3409 loco
471 3338 600 3410 factam
612 3339 722 3412 fuisse
733 3344 771 3411 iu
783 3342 960 3436 Hydram
972 3341 1147 3424 viridem,
1162 3338 1282 3436 (Roes.
1295 3338 1364 3413 vol.
1374 3340 1408 3411 3.
1418 3337 1488 3409 tab.
1501 3337 1741 3411 LXXXVIII.

257 3469 296 3529 et
314 3456 461 3555 Encycl.
496 3456 599 3548 met,
626 3459 697 3530 tab.
721 3460 878 3555 LXVI.)
911 3474 947 3531 et
972 3461 1150 3553 Hydram
1172 3457 1323 3556 fuscam
1354 3459 1480 3557 (Roes.
1507 3457 1576 3532 vol.
1601 3460 1635 3531 3.
1669 3458 1741 3530 tab.

256 3575 461 3649 LXXXIV.
486 3591 523 3648 et
544 3579 692 3677 Encycl.
724 3579 828 3670 met,
858 3580 927 3651 tab.
955 3582 1119 3679 LXIX.)
1149 3607 1169 3652 a
1192 3581 1267 3653 Cel.
1293 3582 1484 3674 Demblay
1492 3633 1505 3665 ‚
1536 3581 1637 3676 (vid.
1664 3579 1743 3682 ejus

257 3694 372 3791 operis
393 3693 464 3768 vol.
490 3696 566 3790 1.).
616 3697 698 3768 Mox
728 3698 910 3771 detectum
944 3713 997 3770 est
1025 3698 1122 3771 idem
1149 3700 1412 3798 phauomenon
1449 3700 1568 3798 quoad
1604 3725 1743 3774 vermes

255 3836 357 3909 aquae
383 3811 496 3883 dulcis
522 3813 761 3908 (Lambricus
784 3822 985 3916 variegatus
1006 3822 1117 3890 Lina.
1147 3847 1206 3916 ap.
1234 3821 1352 3891 Gmel.
1378 3820 1468 3918 Syst.
1486 3835 1581 3912 nat,
1601 3835 1685 3893 tom.
1705 3825 1739 3893 l.

255 3956 293 4029 p.
316 3930 470 4026 3084),
489 3932 607 4030 quoad
627 3937 796 4032 quasdam
815 3938 1025 4031 Hirudines‚
1042 3941 1174 4011 urticas
1190 3953 1227 4011 et
1237 3938 1355 4010 stellas
1372 3941 1525 4010 marinas
1542 3939 1740 4034 (Asteries,

255 4049 392 4120 Lina.-
412 4063 450 4121 et
471 4053 506 4122 le
531 4054 737 4151 Millepied
756 4059 781 4127 ὰ
799 4058 917 4144 dard,
944 4059 1016 4134 vid.
1051 4060 1086 4129 T
1081 4061 1243 4156 rembley
1263 4061 1349 4158 op.)
1377 4073 1413 4132 et
1436 4058 1549 4131 multa
1570 4060 1638 4132 alia
1660 4061 1740 4133 aui-

255 4165 361 4239 malia
381 4168 524 4241 similia.

301 4287 596 4384 Reproductionis
619 4293 711 4365 vires
732 4294 862 4368 diversi
883 4311 967 4370 sunt
997 4301 1155 4396 generis,
1179 4296 1483 4397 quemadmodum
1502 4295 1639 4394 jamdiu
1664 4295 1735 4367 fuir
1754 4303 1865 4358 nivem
1883 4323 1961 4425 83¹¹*

252 4402 490 4480 observatum.
516 4411 657 4481 Etenim
680 4413 717 4483 in
741 4413 953 4512 quibusdam
976 4417 1206 4509 animalibus,
1228 4419 1282 4491 via
1304 4416 1365 4488 illa
1387 4430 1484 4488 tauta
1506 4429 1559 4487 est
1576 4429 1619 4489 ut
1639 4387 1963 4508 modiiindss‘hlss

251 4525 433 4621 generales
459 4532 696 4625 generationis
713 4546 777 4606 aut
806 4539 921 4608 coitus
946 4534 1041 4611 vic'es
1067 4535 1212 4637 explere
1236 4536 1413 4612 videatur.
1440 4535 1603 4632 Pohpi,
1635 4535 1735 4613 cer-bi
1752 4505 1918 4569 ’ΨΜ
