4244 5850
856 551 1012 653 (aas)

186 720 354 796 culorum
382 724 588 815 aereorum,
611 722 709 796 etin
731 719 801 793 hoc
822 735 959 819 puncto
981 718 1192 793 Lumbricos
1212 746 1297 793 cum
1317 720 1465 795 Insectis
1490 723 1685 798 maximam

183 840 318 916 habere
341 842 641 917 similitudinem?
659 842 745 916 Haec
767 842 915 942 quidem
938 844 1114 915 sententia
1142 857 1240 917 certo
1263 845 1423 918 veritatis
1447 845 1686 919 fundamento

184 966 293 1038 inniti
317 964 484 1057 videtur,
511 991 628 1065 quum
655 965 883 1037 examinatur
910 962 1118 1036 membrana
1145 963 1280 1056 mollis,
1311 965 1483 1057 humida,
1510 967 1687 1040 instructa

185 1085 312 1160 multis
331 1088 470 1177 nervis,
492 1111 573 1184 quae
593 1087 799 1159 interiorem
817 1085 948 1157 horum
967 1084 1206 1158 vesiculorum
1225 1098 1364 1184 partem
1387 1085 1598 1159 circumdat.
1616 1087 1688 1160 Sed

185 1234 233 1283 an
255 1233 432 1307 organum
453 1207 636 1308 peculiare
662 1209 750 1281 huic
772 1208 891 1279 sensui
915 1206 1075 1279 tribuere
1098 1206 1293 1297 debemus,
1326 1233 1441 1304 quum
1466 1209 1559 1280 cutis
1586 1208 1685 1306 ipsa,

186 1328 495 1430 quemadmodum
528 1330 566 1400 in
596 1328 801 1420 Molluscis,
830 1328 932 1400 nobis
959 1327 1127 1400 exhibeat
1163 1329 1464 1401 modificationem
1493 1354 1573 1427 quae
1598 1329 1686 1402 huic

186 1477 293 1552 scopo
316 1465 434 1552 posset
454 1450 695 1551 respondere?
715 1451 850 1542 Mollis,
869 1451 1041 1550 fungosa,
1066 1476 1171 1523 rnuco
1196 1451 1375 1550 glutinosa
1397 1451 1505 1542 illita,
1529 1452 1685 1524 maxime

185 1572 314 1647 idonea
339 1586 393 1646 est
414 1572 460 1645 ad
482 1573 703 1646 conditiones
727 1574 914 1670 requisitas
938 1573 1204 1671 adimplendas,
1231 1575 1428 1671 praesertim
1456 1577 1483 1644 si
1501 1575 1591 1645 ratio
1616 1573 1686 1645 ha-

187 1691 297 1766 betur
320 1693 620 1765 ramillcationum
645 1717 877 1765 nervosarum
905 1717 986 1790 quae
1011 1694 1049 1764 in
1074 1693 1153 1784 itta,
1182 1694 1310 1792 magni
1336 1694 1453 1792 copiti,
1475 1708 1683 1766 occurrunt.

186 1813 359 1887 Ceterum
384 1814 676 1911 experimentum
704 1838 776 1911 quo
808 1811 1042 1911 suspenditur
1075 1813 1290 1887 Lumbricus
1319 1840 1426 1912 supra
1459 1816 1686 1912 superficiem

185 1934 317 2034 liquidi
343 1935 515 2006 irritantis
536 1934 633 2032 quod
658 1936 697 2006 in
716 1959 884 2032 vaporem
908 1935 1059 2008 solvitur
1080 1933 1510 2032 (aether-sulphuricum,
1531 1959 1588 2007 ex.
1607 1935 1687 2035 gr.)

185 2053 281 2128 hanc
294 2056 524 2128 assertionem
546 2054 761 2128 corroborat.
782 2054 998 2128 Lumbricus
1016 2055 1260 2147 contrahitur,
1283 2057 1388 2128 variis
1409 2054 1523 2127 modis
1540 2068 1686 2128 contor-

185 2189 339 2276 quetur,
366 2189 404 2249 et
428 2176 586 2274 denique
602 2179 713 2251 vitam
729 2175 896 2249 effundit.
915 2177 1006 2249 Inde
1022 2191 1122 2275 patet
1137 2175 1400 2275 absorptionem
1423 2175 1685 2250 molecularum
1790 2208 1808 2235 v

185 2296 413 2370 odorantium
441 2322 507 2397 per
533 2298 718 2396 integrum
741 2320 890 2396 corpus,
924 2310 961 2370 et
988 2299 1226 2370 sensationem
1256 2323 1366 2396 quam
1389 2299 1577 2390 suscitant,
1610 2320 1685 2370 esse
1727 2380 1730 2385 ,

185 2419 442 2497 universalem.

572 2605 635 2676 ΠΙ.
688 2605 751 2677 De
780 2617 901 2703 gustu
931 2618 971 2677 et
1000 2603 1084 2701 ejus
1118 2607 1286 2704 organis.

233 2769 419 2845 Lumbrici
440 2770 564 2870 linguai
587 2770 855 2862 destituuntur,
877 2769 940 2843 sed
956 2770 1120 2846 defectus
1138 2771 1249 2875 hujus
1269 2774 1394 2873 organi
1417 2782 1542 2872 gustus
1565 2798 1689 2847 sensa-

89 2993 95 3005 ·
184 2892 321 2966 tionem
344 2917 418 2964 non
441 2893 616 2965 excludit.
644 2891 852 2965 Membrana
878 2893 1020 2965 interna
1042 2918 1123 2991 quae
1142 2897 1319 2996 integram
1345 2898 1535 2967 cavitatem
1552 2894 1687 2968 oralem
1741 2888 1743 2892 ¹

183 3012 371 3089 Lumbrici
399 3014 616 3104 circumdat,
645 3014 838 3087 instruitur
866 3012 1182 3087 ramificationibus
1213 3017 1372 3091 nervosis
1403 3016 1623 3107 innumeris3
1650 3030 1687 3088 et

182 3133 278 3210 illud
299 3136 451 3228 animal,
474 3137 592 3235 quoad
619 3136 687 3209 hoc
709 3161 907 3235 organum,
930 3161 1052 3208 nonne
1073 3149 1165 3208 esset
1186 3137 1225 3206 in
1245 3135 1374 3207 eodem
1396 3162 1480 3207 casu
1505 3161 1546 3206 ac
1564 3133 1687 3234 polypi

173 3258 250 3358 'qui
264 3257 405 3356 integri
426 3270 510 3331 cute
526 3257 714 3357 degustare
726 3254 922 3332 videntur?
946 3254 1094 3328 Certum
1106 3268 1159 3362 est
1175 3253 1410 3327 Lumbricum
1428 3253 1577 3355 rejicere
1592 3254 1688 3326 hano
1774 3268 1779 3281 ‘

184 3374 244 3450 vel
263 3365 361 3449 illam
385 3376 621 3449 substantiam
643 3402 724 3474 quae
751 3403 834 3449 cum
859 3362 957 3449 terrai
978 3376 1170 3448 commixta
1193 3376 1267 3449 sive
1290 3374 1335 3447 ad
1354 3374 1432 3474 ejus
1458 3375 1685 3473 superficiem

150 3575 153 3581 ,
185 3495 345 3595 deposita
371 3499 568 3595 reperitur,
592 3523 707 3596 quum
729 3496 795 3569 sibi
819 3523 893 3569 non
914 3498 1098 3569 convenit:
1127 3521 1172 3568 ex
1192 3522 1264 3595 quo
1285 3495 1369 3569 luce
1389 3497 1520 3569 clarius
1538 3511 1687 3598 apparet
1707 3514 1808 3570 Gustus
1831 3516 1913 3570 odes.

184 3615 395 3690 Lumbricos
415 3616 627 3715 degustare3
656 3618 758 3716 atqui
780 3617 818 3719 in
844 3617 913 3690 hoc
936 3644 1039 3709 casu,
1065 3617 1137 3690 sola
1160 3617 1366 3690 membrana
1390 3618 1435 3691 de
1455 3619 1527 3718 qud
1547 3620 1690 3694 fuimus

184 3734 315 3828 locuti,
340 3738 486 3809 nomine
509 3739 634 3836 organi
657 3740 783 3837 gustus
811 3741 975 3838 insigniri
1001 3753 1176 3813 meretur.

123 3896 128 3905 ·
234 3855 343 3929 Nunc
369 3856 550 3954 agendum
568 3870 659 3929 esset
681 3857 725 3929 de
747 3859 888 3956 organis
908 3858 1163 3931 insalivationis
1183 3873 1220 3932 et
1235 3858 1492 3957 deglutitionis.
1521 3861 1592 3934 Sed
1610 3862 1700 3936 huc·

185 3956 301 4076 usque
323 3976 423 4050 nulla
444 3978 616 4077 glandula
635 3978 826 4078 peculiaris
844 3978 883 4049 in
903 3976 1105 4050 Lumbricis
1126 3979 1199 4051 fuit
1220 3978 1403 4052 observata
1420 3979 1525 4081 cujus
1543 3981 1684 4054 functio

185 4096 225 4170 in
250 4122 293 4170 eo
315 4114 524 4172 versaretur·
541 4113 584 4172 ut
605 4102 644 4172 in
661 4103 852 4172 cavitatem
874 4098 1027 4191 malem,
1045 4099 1224 4199 liquidum
1245 4098 1423 4201 alimentis
1443 4101 1683 4200 praeparandis

184 4217 377 4312 idoneum,
395 4218 602 4320 conjiceret.
621 4220 731 4310 Quod
750 4221 794 4293 ad
815 4247 949 4321 organa
970 4221 1216 4322 deglutitionis
1236 4235 1389 4321 spectat,
1415 4222 1475 4294 illa
1497 4224 1683 4295 examina-

186 4340 306 4414 vimus
342 4367 456 4439 quum
488 4342 628 4440 egimus
669 4341 713 4414 de
742 4339 845 4413 labiis
878 4367 960 4440 quae
993 4343 1066 4416 sola
1098 4343 1232 4443 optime
1259 4356 1344 4417 sunt
1373 4341 1536 4418 visibilia.
1574 4342 1684 4416 Nunc

184 4459 298 4559 igitur
324 4460 371 4534 ad
392 4487 523 4561 organa
545 4462 753 4536 nutritionis
776 4475 1014 4539 transeamus.
1057 4541 1059 4545 ,
1131 4458 1134 4465 ’
