4244 5850
1061 476 1216 574 (212)

430 648 500 722 Sed
523 646 653 745 aliquis
671 644 835 717 arbitrari
859 653 976 741 posset
997 641 1037 712 in
1059 639 1286 713 scissionibus
1303 642 1490 718 Lumbi-ici
1506 651 1682 722 terrestris
1698 649 1885 729 delectum

380 772 530 873 liquoris
557 767 775 842 circulatorii
798 780 951 839 mortem
975 763 1138 864 partibus
1162 765 1288 836 secatis
1306 764 1466 840 inferre:
1493 768 1556 841 sed
1578 796 1635 843 res
1660 797 1734 844 non
1756 775 1884 850 eadem

379 896 519 968 ratione
536 917 573 963 se
593 889 702 962 habet
723 915 765 960 ac
787 890 826 960 iu
849 886 1065 959 animalibus
1089 887 1266 984 sanguine
1288 886 1404 960 calido
1428 890 1605 989 praeditis,
1627 894 1693 966 etsi
1712 896 1752 967 iu
1770 899 1884 995 priori

380 1041 504 1092 verme
539 1012 725 1087 circulatio
755 999 941 1111 sanguinis
967 1010 1050 1081 satis
1080 1007 1192 1080 celeri
1215 1008 1322 1081 modo
1351 1009 1502 1083 feratur.
1533 1011 1571 1084 Si
1605 1014 1770 1112 quaedam
1802 1044 1887 1115 pars

378 1149 521 1210 secatur
537 1134 632 1206 inlra
654 1132 852 1224 clitellum,
871 1157 956 1202 mox
976 1131 1162 1229 sanguinis
1179 1129 1367 1202 circulatio
1383 1132 1423 1203 in
1444 1147 1548 1230 parte
1567 1139 1754 1234 posteriori
1772 1155 1886 1213 cessat

380 1273 444 1334 aut
465 1258 599 1331 lentior
621 1256 761 1331 evadit:
797 1256 1042 1328 extremitates
1066 1251 1296 1326 vasculorum
1318 1252 1541 1328 clauduntur
1565 1261 1819 1357 evaporatione
1844 1275 1884 1334 et

257 1475 260 1479 ⁸
380 1382 618 1455 exsiccatione
642 1380 741 1451 succi
764 1377 872 1450 albidi
893 1390 930 1449 et
951 1377 1077 1450 viscosi
1099 1377 1163 1475 qui
1185 1400 1207 1447 e
1229 1400 1378 1474 corpore
1400 1391 1437 1450 et
1457 1381 1655 1478 praesertim
1687 1407 1710 1454 e
1729 1383 1885 1458 vulnere

379 1505 509 1605 magua
543 1504 646 1602 copiis
674 1504 763 1576 exit.
800 1503 973 1575 Remissio
1004 1514 1124 1575 motus
1153 1499 1373 1574 circulatorii
1404 1514 1503 1573 certe
1536 1527 1558 1574 a
1591 1502 1739 1578 delectu
1767 1504 1886 1578 cordis

324 1650 331 1660 ·
379 1627 538 1726 pendet3
560 1625 642 1717 sed,
663 1651 779 1724 quum
802 1623 945 1724 ganglia
964 1622 1172 1696 functiones
1194 1623 1314 1696 adhuc
1335 1635 1488 1723 pergant
1509 1625 1684 1723 perficere
1705 1640 1743 1697 et
1764 1640 1886 1699 trans-

379 1751 527 1824 mittant
550 1746 732 1820 inssusum
753 1747 917 1819 suumin
940 1745 1122 1818 musculos
1141 1757 1179 1817 et
1201 1747 1240 1816 in
1259 1744 1505 1818 membranam
1527 1746 1675 1818 fortasse
1696 1747 1888 1822 musculo-

271 1961 275 1969 ,
378 1894 455 1942 sam
469 1894 551 1969 quae
560 1869 747 1941 coustituit
759 1865 985 1940 vasculorum
997 1866 1287 1962 sanguiserorum
1301 1868 1471 1960 parietes,
1489 1866 1608 1963 liquor
1619 1868 1797 1941 circulans
1809 1895 1885 1943 non

380 1993 529 2064 omnino
544 1993 716 2059 immotus
737 1997 871 2057 manet.
895 1985 1076 2056 Posterior
1097 1983 1256 2082 corporis
1274 1983 1393 2080 portio
1410 1982 1556 2058 nullum
1571 1988 1727 2085 amplius
1747 1989 1885 2064 habens

381 2135 558 2210 organum
582 2108 858 2198 masticatione,
880 2132 954 2179 nou
981 2107 1137 2206 amplius
1163 2110 1272 2180 etiam
1294 2108 1397 2182 novis
1419 2109 1577 2182 vescitur
1599 2109 1797 2206 alimentis3
1820 2113 1886 2187 sed

379 2231 513 2305 horum
538 2230 720 2328 quantitas
741 2254 852 2329 quarn
878 2227 1086 2302 continebat
1117 2242 1280 2327 tempore
1299 2229 1500 2325 saissonis,
1527 2230 1637 2303 simul
1664 2257 1749 2306 cum
1775 2258 1884 2308 succo

381 2354 559 2427 nutritivo
577 2354 641 2451 qui
662 2351 749 2424 inde
770 2365 871 2426 ortus
890 2365 969 2425 erat
989 2349 1170 2424 sufficiens
1191 2362 1246 2422 est
1267 2349 1313 2423 ad
1330 2347 1443 2451 hujus
1461 2352 1572 2449 partis
1595 2367 1722 2426 secatae
1736 2380 1885 2430 conser-

381 2477 584 2567 vationem,
619 2489 657 2548 et
686 2476 795 2548 etiam
825 2477 876 2547 ita
906 2487 949 2548 ut
973 2473 1199 2572 aliquamdiu
1222 2473 1373 2570 insuper
1401 2485 1558 2565 crescat3
1592 2473 1656 2546 sed
1680 2501 1885 2575 numquam

381 2596 468 2669 inde
486 2597 583 2668 nasci
606 2609 723 2693 posset
739 2594 873 2668 animal
892 2595 1099 2668 absolutum
1120 2595 1176 2668 uti
1193 2587 1315 2692 opinio
1329 2592 1497 2668 invaluit.
1521 2593 1627 2668 Seces
1644 2595 1883 2679 Lumbricurn

381 2718 422 2790 in
442 2731 515 2789 tres
536 2730 678 2815 partes,
703 2715 825 2790 videas
846 2715 937 2814 quid
959 2716 1081 2789 locum
1108 2713 1240 2788 habeat
1261 2715 1301 2787 in
1321 2728 1424 2815 parte
1447 2716 1683 2812 intermedia,
1698 2733 1737 2793 et
1756 2745 1884 2796 cernes

381 2832 650 2912 incrementum
677 2836 899 2911 manifestari
916 2835 962 2911 ab
982 2849 1139 2939 utroque
1159 2835 1272 2913 latere
1287 2835 1403 2912 donec
1425 2854 1680 2941 corrumpatur
1706 2841 1881 2918 exhausta

366 2956 467 3060 'pars
489 2958 785 3060 destruaturque.
