4244 5850
922 528 1073 626 (194)

299 704 340 776 30
365 696 474 772 Unde
490 698 590 771 venit
605 693 843 795 quorumdam
869 717 1018 767 ovormn
1039 694 1213 768 immensa
1231 701 1444 796 magnitudo
1466 721 1634 804 respectu
1651 710 1744 785 alio-

246 848 332 897 rum
357 820 596 917 exiguorum‚
625 841 710 914 quae
734 815 944 912 magnitudo
968 829 1066 889 tanta
1089 829 1143 889 est
1168 829 1212 891 ut
1237 821 1402 896 vesicula
1430 828 1544 900 aereae
1565 842 1631 901 aut
1649 835 1744 904 sacci

245 939 512 1016 membranacei
539 937 600 1010 illa
625 963 692 1013 ora
726 958 801 1008 non
823 949 967 1033 possent
988 936 1191 1029 continere,
1221 943 1386 1038 quamvis
1417 946 1625 1020 contineant
1653 949 1744 1024 falso

248 1061 401 1136 creditos
421 1058 539 1158 pullos
560 1062 707 1131 omnino
727 1052 919 1133 virentes?

296 1183 339 1273 40
362 1180 401 1252 si
428 1204 552 1254 revera
582 1177 752 1279 chrysalis
772 1178 979 1250 continetur
996 1192 1090 1268 ovo,
1119 1189 1162 1248 ut
1193 1200 1239 1250 ex
1262 1203 1370 1278 opere
1392 1180 1447 1255 cl.
1472 1185 1600 1259 Home
1621 1164 1743 1289 colligi

245 1324 348 1399 posse
371 1298 535 1390 videtur,
557 1324 623 1372 cur
645 1300 683 1370 in
705 1323 772 1373 ovo
793 1296 963 1396 cbrysalis
984 1322 1051 1370 nec
1073 1296 1187 1371 oculis
1207 1299 1315 1373 nudis
1335 1326 1404 1377 nec
1425 1296 1649 1407 micioscopii
1673 1335 1743 1409 ope

244 1419 401 1518 perspici
423 1416 569 1516 potest?

297 1539 338 1613 5⁰
363 1538 401 1611 Si
423 1536 577 1611 folliculi
598 1535 810 1636 chrysalidei
841 1535 951 1636 pedes
972 1538 1220 1631 constituunt,
1252 1565 1319 1613 cur
1341 1541 1380 1614 bi
1407 1547 1623 1642 posteriores
1644 1552 1742 1622 exis-

245 1673 332 1735 tunt
353 1663 394 1733 10
413 1685 521 1758 supra
538 1658 677 1750 ovaria,
701 1669 740 1730 et
754 1682 867 1757 prope
883 1670 1010 1755 caput,
1034 1657 1098 1730 ubi
1116 1684 1188 1730 non
1208 1659 1373 1734 vesiculae
1390 1667 1504 1738 ae'reae
1523 1682 1741 1763 occurrunt3

244 1783 288 1852 20
311 1782 410 1853 omni
433 1793 596 1878 tempore
621 1778 718 1851 etin
740 1777 906 1850 omnibus
930 1777 1143 1871 individuis,
1167 1777 1213 1850 ab
1231 1781 1334 1855 exitu
1357 1784 1466 1857 etiam
1488 1810 1534 1858 ex
1558 1811 1645 1875 ovo,
1672 1813 1742 1861 nec

244 1914 368 1975 tamen
398 1899 481 1974 ideo
515 1900 692 1975 coiverint
724 1922 793 1971 nec
820 1897 939 1997 pullos
970 1898 1259 1996 progenucrint'l
1298 1899 1502 1997 Caeterum,
1537 1906 1740 1982 secundum

245 2022 452 2124 opinionem
475 2020 529 2094 Cl.
553 2020 700 2106 Home,
725 2018 835 2118 pedes
857 2042 980 2093 revera
1005 2030 1120 2090 essent
1147 2018 1288 2091 fortuiti
1309 2032 1348 2091 et
1364 2044 1518 2108 nomem
1538 2036 1577 2096 et
1600 2024 1690 2099 loco.

294 2142 338 2216 6⁰
363 2143 487 2233 Quare
511 2141 551 2213 bi
576 2139 686 2238 pedes
709 2138 888 2236 (folliculi
908 2136 1177 2237 chrysalidum)
1213 2150 1300 2209 sunt
1321 2139 1519 2214 retractiles
1544 2155 1581 2214 et
1607 2143 1742 2218 babent

244 2263 427 2364 musculos
449 2263 564 2336 motui
586 2287 652 2335 suo
676 2259 853 2334 idoneos?
1670 2310 1674 2319 .

296 2387 336 2464 70
355 2375 487 2476 'Quare
508 2383 582 2458 illae
606 2380 822 2483 chrysalides
838 2376 994 2476 (pedes)
1019 2403 1092 2450 non
1110 2377 1341 2477 perforantur
1361 2380 1529 2479 aperturi
1552 2381 1597 2455 ad
1619 2398 1742 2459 extre*

246 2507 408 2581 mitatem
430 2502 658 2578 anteriorem
673 2528 738 2601 per
761 2525 871 2601 quam
896 2497 1112 2572 Lumbricus
1138 2499 1308 2571 transiit?

296 2629 336 2701 8⁰
363 2625 545 2715 Quoniam
570 2623 726 2721 plurima
748 2636 786 2695 et
806 2619 954 2720 quidem
976 2620 1104 2717 ingens
1129 2643 1304 2693 uumerus
1325 2646 1474 2696 ovorum
1497 2635 1535 2696 et
1555 2622 1742 2723 pullorum

246 2749 284 2821 in
302 2744 468 2820 vesiculis
484 2742 765 2817 membranaceis
781 2753 997 2831 occurrunt,
1021 2764 1087 2812 cur
1106 2764 1248 2839 semper
1264 2744 1395 2815 unicus
1413 2744 1744 2845 tantummodo‘pes

246 2868 399 2943 ductum
416 2878 608 2941 externum
627 2863 829 2955 clauderet,
850 2863 880 2933 si
898 2885 1023 2936 revera
1040 2859 1103 2933 ille
1119 2860 1251 2935 ductus
1265 2862 1413 2935 existit?
1436 2863 1536 2955 Quid
1553 2866 1742 2941 adveniret

245 2988 316 3063 illis
338 2989 413 3063 ovis
441 2998 505 3060 aut
538 2981 798 3085 chrysalidibus
825 3007 907 3081 quae
934 2981 1053 3056 adhuc
1077 2983 1469 3080 comprehenderentur
1500 2985 1677 3081 vesicula,
1704 3002 1744 3061 et

246 3108 394 3211 quidem
416 3120 495 3209 post
512 3105 782 3181 collocationem
806 3104 852 3179 ad
872 3116 1059 3179 externam
1084 3117 1223 3202 partem
1246 3106 1374 3203 prioris
1394 3105 1526 3205 pedisl

294 3230 337 3305 90
362 3230 487 3323 Quare
515 3225 730 3299 animalcula
755 3227 795 3298 in
818 3225 959 3299 cellulis
981 3238 1123 3324 reperto
1152 3250 1225 3298 nou
1247 3224 1395 3324 quidem
1420 3224 1594 3300 exhibent
1619 3229 1742 3303 otnnia

247 3352 388 3425 calteria
415 3348 602 3449 pullorum
624 3346 935 3421 Lumbricoruml
1494 3433 1498 3441 .

296 3473 362 3544 100
392 3470 516 3559 Quare
544 3468 584 3541 bi
610 3465 703 3566 pulli
734 3467 973 3566 egrediuntur
1004 3492 1070 3568 per
1096 3480 1302 3566 aperturam
1328 3489 1399 3538 ano
1425 3465 1598 3559 vicinam,
1625 3465 1744 3541 donec

246 3614 291 3666 ex
318 3592 494 3664 sententia
519 3587 655 3661 laudati
683 3590 855 3681 auctoris,
884 3588 979 3660 inira
1000 3602 1164 3664 ventrem
1189 3599 1229 3659 et
1250 3610 1316 3685 per
1338 3597 1448 3659 totam
1474 3585 1742 3686 longitudinem

247 3711 403 3811 corporis
428 3735 448 3782 a
472 3708 589 3806 capite
612 3730 728 3806 usqne
749 3706 795 3781 ad
816 3732 936 3815 anum¹
952 3710 1053 3782 exire
1075 3706 1280 3782 deberentl

297 3833 364 3903 110
388 3829 513 3921 Quare
527 3829 566 3900 in
588 3850 736 3925 corpore
751 3839 795 3899 et.
813 3829 1011 3926 proesertim
1030 3829 1069 3901 in
1086 3827 1314 3927 receptaculo
1330 3827 1391 3899 aui
1414 3829 1595 3926 reperitur
1612 3828 1743 3929 ingens

247 3950 428 4053 quantitas
454 3948 584 4022 borum
611 3945 855 4022 folliculorum
885 3946 1207 4049 chrysalideorum,
1235 3973 1303 4021 nec
1325 3961 1446 4021 tamen
1470 3946 1522 4020 ibi
1548 3948 1742 4024 efformant

246 4071 376 4175 pedes,
399 4084 461 4144 aut
483 4092 596 4168 prope
617 4068 749 4140 orificio
772 4080 920 4142 externa
947 4095 968 4142 a
994 4067 1048 4140 Cl.
1073 4070 1200 4142 Home
1226 4068 1365 4142 detecta
1388 4066 1616 4141 occumuntl

297 4196 362 4267 120
388 4191 512 4284 Quare
534 4188 699 4267 vesiculae
726 4201 791 4261 aut
816 4189 957 4265 cellulae
984 4192 1253 4264 communicant
1274 4201 1474 4262 extrorsum
1499 4212 1567 4287 per
1592 4186 1741 4263 dorsum

247 4328 285 4388 et
308 4312 509 4390 secundnm
533 4311 677 4385 unicam
701 4309 835 4385 lineam
857 4311 1059 4386 medianam
1082 4326 1119 4386 et
1139 4310 1336 4402 dorsalem‚
1358 4308 1472 4382 donec
1494 4307 1599 4383 aliter
1626 4306 1740 4384 debe-

244 4449 326 4509 rent
347 4434 481 4509 habere
500 4430 605 4507 tubos
627 4443 692 4505 aut
705 4428 837 4505 ductim
859 4431 1037 4509 reutrnles
1052 4445 1089 4506 et
1110 4432 1156 4507 ad
1172 4431 1364 4506 minimum
1383 4440 1482 4527 octo,
1503 4454 1571 4532 pro
1586 4429 1741 4532 ungulis

244 4554 484 4632 vesicularum
506 4550 651 4656 paribus
671 4551 757 4652 quia
774 4564 854 4627 octo
876 4552 1008 4632 adstant
1026 4553 1164 4655 pedum
1182 4549 1320 4629 series?
