4200 5842
830 555 845 655 (
871 555 942 648 143
970 555 984 654 l

163 728 256 828 (fig.
269 729 305 802 3.
318 727 397 800 tab.
413 725 508 800 XV
506 721 682 800 II-XV
677 721 789 820 ΙΙΙ.)
800 747 876 794 sese
888 720 1077 822 dirigendo
1090 749 1214 799 versus
1225 724 1386 800 medium
1395 724 1507 800 laciei
1524 726 1672 800 dorsalis

165 851 380 951 pharyngis,
397 847 607 949 producunt
617 845 916 952 chloragogenam
929 870 1010 944 quae
1027 846 1104 957 jam
1114 846 1158 919 ab
1169 850 1308 948 origine
1324 850 1508 951 oesophagi
1522 852 1672 924 omnino

165 985 220 1045 cst
240 971 450 1064 efformata;
473 970 735 1069 transgreditur
751 968 820 1042 hoc
835 993 1013 1066 organum
1031 968 1108 1041 sine
1124 969 1441 1072 ramilicationibus
1463 970 1671 1046 lateralibus
1699 1009 1814 1073 pm„

165 1117 283 1193 usque
295 1093 437 1165 circiter
451 1092 495 1164 ad
505 1090 584 1193 ejus
592 1093 733 1163 tertiam
748 1091 980 1189 posteriorem
993 1091 1172 1189 partem,(
1172 1092 1250 1192 fig.
1261 1095 1296 1164 1.
1307 1094 1491 1167 rab.XV
1487 1094 1608 1167 -XV
1604 1096 1635 1167 I
1633 1095 1675 1194 )

165 1213 293 1304 Quum
316 1215 485 1311 pervenit
507 1210 553 1284 ad
572 1224 712 1310 partem
735 1235 846 1309 quam
868 1225 1048 1309 occupant
1071 1214 1190 1285 ovaria
1215 1227 1253 1287 et
1275 1215 1457 1308 testiculi,
1486 1206 1672 1316 progignit
1693 1238 1882 1294 Ramtficauo-

116 1392 122 1408 .
168 1334 190 1407 5
218 1333 326 1407 aut6
349 1332 541 1407 divisiones
565 1331 748 1424 laterales,
775 1331 858 1430 plus
884 1334 1053 1406 minusve
1078 1333 1234 1407 visibiles
1261 1335 1376 1435 (eoed.
1396 1337 1474 1435 fig.
1498 1331 1542 1410 'et
1564 1339 1642 1410 tab.
1656 1369 1672 1430 ,·
1690 1311 1900 1432 assequatur,

156 1454 234 1553 fig.
258 1457 295 1526 2.
320 1453 444 1554 ejusd.
475 1452 580 1552 tu'b.)
603 1479 684 1553 quae
708 1454 852 1526 nonnisi
875 1468 961 1526 sunt
986 1453 1134 1528 totidem
1157 1455 1288 1531 ductus
1311 1460 1385 1532 sive
1407 1458 1486 1532 tubi
1510 1461 1671 1560 singuli,

168 1574 388 1649 obducentes
416 1603 497 1651 vasa
525 1575 742 1667 vascularia,
775 1599 931 1674 quorum
962 1577 1146 1673 congeries
1171 1603 1232 1660 cor
1258 1568 1443 1653 Lumbrici
1472 1583 1669 1656 constituit.

167 1696 402 1795 Progreditur
422 1723 564 1798 semper
584 1697 767 1798 vergendo
786 1722 910 1770 versus
928 1723 1038 1771 anum
1060 1711 1097 1770 et
1116 1700 1284 1798 pervenit
1302 1700 1379 1773 sine
1400 1701 1473 1774 ulla
1496 1701 1672 1778 divisione

166 1844 283 1919 usque
305 1823 351 1895 ad
372 1821 503 1895 faciem
526 1820 700 1893 dorsalem
724 1818 901 1919 ingluviei
920 1834 957 1893 et
978 1822 1185 1895 ventriculi.
1210 1822 1263 1894 lbi
1280 1823 1428 1896 exhibet
1444 1826 1465 1898 3
1483 1840 1549 1898 aut
1572 1827 1674 1919 dra-

166 1946 417 2037 mificationes,
440 1945 525 2017 satis
547 1943 675 2018 breves
695 1956 733 2014 et
755 1942 912 2015 diversas
942 1943 986 2015 ab
1014 1943 1084 2016 illis
1107 1969 1190 2043 quae
1212 1944 1281 2019 sub
1305 1947 1433 2018 ovariis
1459 1961 1671 2022 occurrunt.

167 2066 312 2138 Etenim
336 2064 503 2138 hae'sunt
522 2064 680 2162 praeditae
696 2065 898 2137 innumeris
920 2065 1134 2138 ramusculis
1152 2068 1311 2166 exiguis,
1335 2066 1563 2159 lateralibus,
1591 2095 1674 2168 quae

56 2245 64 2258 .
168 2186 363 2260 ostendunt
383 2186 682 2285 chloragogenam
702 2188 933 2286 pectinatam.
958 2187 1244 2261 Ramiticationes
1262 2189 1457 2264 ventriculi
1478 2204 1563 2264 sunt
1580 2193 1675 2264 'sim-⁸

168 2309 298 2408 plices,
316 2311 484 2408 integre,
509 2308 735 2380 adhaerentes
756 2306 976 2380 membrauae
997 2322 1161 2382 externae
1175 2312 1298 2409 organi
1317 2310 1414 2409 quod
1431 2325 1671 2409 percurrunt,

166 2454 234 2529 ope
255 2432 473 2529 exiguorum
493 2430 635 2503 filorum
655 2429 967 2521 brevissimorum,
984 2429 1076 2528 (fig.
1096 2432 1131 2504 3.
1151 2432 1230 2504 tab.
1247 2432 1347 2502 XV
1348 2433 1478 2503 -XV
1474 2432 1511 2504 Ι.
1524 2433 1549 2531 )
1573 2433 1674 2506 Tau-

168 2550 251 2624 dem
272 2551 534 2650 chloragogena
554 2551 763 2625 extenditur
784 2555 822 2623 in
843 2553 1054 2624 intestinum
1081 2552 1139 2626 vel
1161 2554 1281 2653 potius
1304 2556 1341 2625 in
1360 2553 1493 2652 hepar,
1523 2553 1573 2626 ibi
1597 2579 1673 2628 sese

169 2672 462 2745 anastomosando
487 2699 571 2745 oum
595 2671 767 2745 ductibus
788 2671 975 2770 hepaticis.
1006 2672 1213 2745 Membrana
1237 2698 1320 2771 quae
1342 2672 1408 2746 hos
1431 2674 1597 2746 efformat
1621 2689 1674 2748 est

166 2794 244 2866 fere
261 2792 387 2867 eadem
403 2820 444 2866 ac
458 2793 666 2866 membrana
683 2792 958 2891 chloragogenae
971 2807 1007 2865 et
1025 2793 1070 2864 ab
1086 2793 1126 2866 ei
1144 2794 1396 2868 tantummodo
1407 2796 1553 2888 differre
1570 2795 1673 2871 vide-

166 2932 227 2991 tur
249 2917 367 2991 colore
386 2931 422 2990 et
444 2916 591 2990 defectu
608 2915 844 3015 papillarum,
863 2914 987 2987 saltem
1007 2917 1046 2987 in
1062 2915 1202 3014 integris
1219 2915 1284 2988 suia
1301 2915 1562 3014 amplitudiue;
1586 2943 1672 2990 nam

167 3041 439 3112 ramilicationes
467 3037 650 3130 laterales,
678 3035 810 3136 quibus
838 3061 898 3109 cor
925 3035 1138 3127 obducitur,
1161 3059 1254 3135 saepe
1280 3038 1419 3135 magnis
1447 3038 1590 3136 papillis
1612 3039 1674 3110 in-

167 3176 372 3236 struuntur.

216 3309 258 3380 ln
277 3310 509 3399 intestinum,
522 3305 783 3404 chloragogena
799 3303 929 3376 sensim
947 3300 1196 3401 paulatimque
1213 3299 1357 3376 videtur
1377 3301 1583 3392 terminari,
1597 3325 1676 3375 sese

166 3429 429 3529 commiscendo
458 3455 543 3502 cvrrn
571 3428 702 3528 hepate
731 3441 795 3501 aut
821 3424 1028 3499 membranis
1056 3425 1217 3496 intestini
1241 3423 1403 3498 externis.
1436 3423 1565 3497 Nonne
1592 3424 1671 3499 haec

166 3551 402 3625 conformatio
425 3551 582 3650 aliquam
608 3553 703 3622 inter
729 3549 803 3622 duo
831 3546 891 3619 illa
919 3572 1051 3646 organa
1077 3544 1216 3645 praebet
1241 3545 1466 3646 analogiam,
1492 3559 1530 3619 et
1549 3572 1674 3620 nonne

165 3674 310 3748 videtur
333 3673 470 3746 referre
498 3671 797 3770 chloragogenam
821 3667 867 3740 ad
887 3692 1020 3765 organa
1044 3665 1246 3765 digestiva?
1280 3748 1284 3758 ,

214 3794 337 3867 Facies
359 3792 510 3865 inferior
531 3805 568 3864 et
589 3793 753 3891 superior
772 3788 884 3888 hujus
903 3789 1035 3862 ductus
1058 3787 1160 3862 nobis
1181 3788 1321 3863 nullam
1340 3788 1591 3863 exhibuerunt
1612 3788 1670 3861 di-
1719 3766 1722 3773 ¹

164 3917 391 3993 versitatem:
421 3916 519 4013 prior
546 3913 797 3988 tantummodo
824 3911 984 3986 adhaeret
1011 3909 1230 4009 membranis
1257 3911 1416 3983 externis
1450 3936 1670 4009 organorum

166 4064 254 4139 quas
274 4039 473 4138 percurrit,
496 4049 668 4134 tanquam
687 4036 922 4136 oesophagum
941 4038 979 4108 in
1002 4048 1104 4136 parte
1121 4034 1186 4108 sud
1204 4035 1403 4125 anteriore,
1421 4032 1670 4107 ventriculum

166 4173 204 4233 et
226 4160 426 4259 ingluviem
449 4160 488 4231 in
512 4159 677 4257 portione
697 4158 761 4231 sud
783 4156 950 4231 mediant
978 4171 1015 4229 et
1036 4157 1250 4231 intestinum
1274 4157 1313 4228 in
1334 4157 1541 4255 posteriore.

215 4281 391 4380 Magnum
420 4307 481 4355 vas
509 4278 694 4354 vasculare
721 4278 815 4352 dorsi
840 4304 983 4379 semper
1012 4281 1275 4354 concomitatur
1303 4276 1605 4378 chloragogenam
1632 4290 1670 4350 et

165 4403 341 4480 dividitur
363 4405 402 4476 in
425 4402 585 4503 singulas
604 4400 717 4504 hujus
737 4402 1011 4475 ramilioationes
1035 4400 1212 4476 laterales.

216 4526 371 4605 Interior
387 4550 468 4625 pars
479 4522 590 4626 hujus
607 4523 740 4598 ductus
755 4523 848 4598 nibil
858 4524 961 4598 nobis
976 4523 1134 4599 notabile
1149 4521 1334 4615 exhibuit,
1348 4523 1416 4595 nisi
1429 4519 1537 4594 telam
1554 4519 1668 4596 veluti

165 4647 391 4750 spongiosam
405 4647 553 4720 omnino
563 4644 718 4722 similem
734 4645 815 4723 teloe
825 4648 1023 4749 spongiosos
1032 4645 1215 4723 interioris
1229 4640 1449 4746 typhlosolis.
1466 4640 1666 4741 Nunquam
