4244 5850
922 541 1053 648 (65)

239 723 296 788 eat
316 708 482 784 toramen
502 705 595 784 illud
616 705 755 800 udere,
776 706 913 809 quippe
932 708 1031 808 quod
1050 708 1109 786 rel
1127 709 1337 788 membraut
1360 715 1470 810 cutis,
1495 718 1564 794 vel·
1576 722 1739 824 margine

240 833 343 908 strati
367 828 581 905 musculorie
604 830 860 904 circumdantis
889 829 1083 929 obtegitur.
1132 833 1239 908 Tunc
1269 835 1416 936 quidem
1447 841 1589 914 nonnisi
1620 869 1740 919 unum

110 950 115 959 ’
241 951 420 1029 indicium
436 950 573 1051 pedum
585 964 763 1051 superest,
779 949 913 1052 nempe
928 955 1082 1030 maculae
1099 955 1225 1031 albidae
1246 959 1489 1034 mamillarum
1504 976 1595 1035 setas
1613 964 1739 1042 leren-

241 1077 349 1150 tium.

294 1196 338 1268 In
360 1193 517 1268 motibus
535 1192 745 1292 vulgaribus
766 1193 875 1266 simul
898 1221 940 1267 ac
967 1209 1203 1294 protractores
1228 1199 1383 1271 actiones
1399 1225 1481 1273 suas
1499 1220 1739 1304 peregerunt,

242 1318 357 1417 spinae
378 1313 661 1415 progrediuntur
678 1339 794 1414 usque
813 1313 858 1388 ad
880 1315 958 1408 fere
976 1321 1120 1389 tertiam
1141 1343 1215 1390 suae
1232 1317 1468 1416 longitudinis
1485 1337 1641 1420 partem:
1660 1353 1742 1401 ma-

243 1435 358 1512 millae
379 1437 440 1510 vix
461 1435 661 1535 conspicuae
675 1449 773 1508 suut.
798 1435 1075 1512 Observarimus
1093 1438 1240 1537 quidem
1263 1453 1402 1512 motum
1420 1441 1525 1514 illum
1540 1443 1742 1524 eductionis

119 1661 123 1666 ,
242 1584 318 1634 uon
340 1557 448 1631 simili
472 1557 578 1630 modo
594 1557 686 1629 ellici
708 1583 773 1655 per
793 1571 905 1634 totam
928 1561 1085 1659 corporis
1103 1544 1388 1658 longitudinem:
1412 1586 1496 1633 nam
1520 1588 1635 1660 quum
1655 1579 1741 1640 setae
1869 1638 1871 1642 ,

243 1679 401 1756 mediam
408 1679 564 1776 corporis
574 1690 713 1776 partem
725 1676 926 1751 obtinentes
937 1679 981 1751 ad
994 1683 1135 1752 tertiam
1146 1703 1219 1751 suae
1228 1677 1464 1777 longitudinis
1475 1695 1614 1778 partem
1623 1709 1742 1785 usque

151 1853 153 1856 >
245 1826 394 1900 egressae
410 1814 513 1891 sunt,
538 1824 619 1898 quae
640 1799 679 1870 in
699 1798 825 1895 primis
840 1799 983 1871 annulis
1005 1800 1219 1890 obveniunt,
1242 1798 1303 1873 via
1324 1797 1397 1899 jam
1420 1799 1550 1899 aliquae
1570 1827 1615 1874 ex
1637 1817 1741 1902 parte
1787 1872 1789 1876 Α

243 1947 395 2024 egressae
412 1934 515 2013 sunt3
538 1932 623 1992 sunt
645 1920 752 1991 etiam
771 1944 852 2016 quae
869 1920 1014 1991 omuino
1034 1944 1107 1991 non
1130 1931 1341 2017 appareant:
1362 1921 1544 2017 praecipue
1561 1920 1631 1994 hoc
1646 1924 1687 1996 fit
1701 1925 1743 1998 in

243 2045 303 2137 4⁰,
327 2041 387 2134 5⁰,
410 2041 451 2113 6⁰
468 2052 506 2111 et
522 2042 562 2117 7⁰
587 2036 739 2129 annulo,
759 2039 829 2109 nisi
850 2038 998 2111 fortasse
1023 2039 1157 2111 animal
1179 2053 1318 2112 motum
1339 2039 1534 2138 quemdam
1554 2042 1742 2118 insolitum

244 2163 525 2262 repentinumve
551 2159 724 2257 perficere
751 2157 891 2231 debeat.
925 2159 1061 2231 Eadem
1081 2160 1281 2235 observatio
1306 2160 1446 2232 institui
1470 2173 1588 2258 potest
1613 2163 1659 2236 de
1680 2165 1742 2238 iu-

111 2276 114 2281 ’
206 2352 210 2357 .
245 2283 417 2358 ductione
448 2293 628 2372 setarum,
667 2305 752 2352 uam
788 2281 900 2378 spiuae
938 2283 1172 2354 extremitatis
1212 2282 1399 2354 anterioris
1429 2305 1572 2380 semper
1605 2286 1741 2384 priores
1790 2319 1792 2324 ·

99 2403 103 2418 ¹
244 2401 514 2504 ingrediuntur.
1447 2408 1450 2413 ’

295 2520 625 2596 Animadvertimus
650 2532 741 2592 setas
764 2517 915 2619 majores
938 2521 1094 2596 inveniri
1117 2521 1195 2594 fere
1221 2520 1265 2593 ad
1291 2522 1433 2594 tertiam
1461 2535 1601 2620 partem
1619 2538 1741 2623 poste-
1757 2551 1906 2609 Granium

248 2645 381 2718 riorem
403 2641 576 2739 corporis,
601 2640 773 2712 crassities
792 2638 954 2730 illarum,
983 2665 1064 2738 quae
1084 2639 1396 2738 proportionaliter
1418 2640 1531 2742 major
1554 2656 1609 2715 est
1630 2670 1741 2744 quam

247 2776 457 2839 ceterarum
485 2761 730 2852 anteriorum,
757 2783 898 2857 semper
927 2760 1160 2834 continuatur
1188 2759 1335 2855 eadem,
1370 2786 1488 2859 usque
1515 2761 1563 2835 ad
1590 2767 1741 2841 tertium

247 2895 312 2959 aut
332 2895 505 2982 quartum
529 2879 574 2951 ab
597 2905 665 2951 ano
693 2878 884 2951 annulum.
1805 2872 1808 2879 ’

205 3003 209 3013 '
293 3003 447 3080 Nonnisi
473 3002 513 3072 in
537 2998 748 3073 fortioribus
775 2996 930 3073 motibus
955 3000 1103 3074 omniuo
1126 3014 1302 3102 apparent
1332 3026 1465 3101 organa
1490 3002 1739 3098 locomotoria3

247 3142 335 3202 tunc
356 3119 606 3196 tautummodo
630 3119 741 3219 probe
765 3118 935 3195 videntur
957 3121 1123 3193 mamillae
1145 3119 1288 3212 albidae,
1305 3146 1387 3220 quae
1407 3145 1549 3219 semper
1564 3146 1650 3197 cum
1665 3121 1741 3196 basi

247 3245 433 3348 spinarum
453 3241 521 3315 sub
543 3241 638 3341 pelle
662 3255 699 3313 et
719 3242 758 3312 iu
779 3253 887 3313 strato
910 3241 1106 3314 musculari
1129 3253 1338 3334 remanent,
1359 3241 1577 3335 irritatione,
1601 3242 1741 3316 excita-

247 3369 368 3459 tione,
394 3361 594 3463 liquoribus
615 3359 834 3461 quibusdam'
851 3361 947 3434 idem
970 3362 1183 3461 producitur
1205 3363 1367 3436 effectus.

293 3487 440 3562 Mortuo
459 3483 604 3556 animali
626 3482 884 3580 ingrediuntur
904 3498 1002 3557 setae:
1026 3487 1055 3556 si
1079 3486 1118 3557 in
1141 3484 1271 3583 spiritu
1295 3482 1371 3557 vini
1392 3495 1651 3557 conservantor
1671 3481 1740 3556 ali·-
1757 3503 1855 3562 storria
1871 3504 1949 3562 attac-

222 3607 413 3712 ,quandiis
424 3604 625 3696 Lumbrici,
646 3603 840 3677 admodum
857 3605 999 3679 difficile
1010 3606 1091 3681 haec
1111 3632 1244 3706 organa
1258 3604 1615 3697 animadvertuntur,
1631 3606 1741 3678 etiam
1810 3584 1863 3631 ω’·
1960 3615 1966 3633 “

224 3729 352 3809 ·sivel
365 3729 651 3826 comprimantur
671 3737 790 3824 partes
809 3726 1088 3820 circumdantem
1113 3740 1150 3798 at
1168 3749 1358 3825 uunquam
1385 3721 1479 3796 illud
1499 3723 1633 3797 frustra
1655 3738 1739 3798 ten-

247 3864 346 3927 tatur
367 3847 515 3922 animali
535 3845 595 3922 vel
615 3846 759 3919 vivente
780 3844 838 3919 vel
859 3859 1023 3918 recenter
1046 3860 1200 3918 mortuo.

297 3972 553 4061 consistentia,
582 3968 715 4059 forma,
738 3966 991 4066 dispositioque
1014 3980 1171 4041 setarum
1194 3991 1306 4066 quam
1326 3962 1483 4068 maxime
1504 3962 1964 4064 progressioniosmmrm,

247 4093 525 4171 Lumbricorum
546 4089 683 4162 favent.
1348 4102 1350 4105 ’

297 4213 429 4307 Quoad
447 4211 731 4300 consistentiam,
749 4211 915 4282 materies
930 4209 1073 4304 durior,
1086 4233 1131 4283 ex
1144 4232 1215 4308 qua
1232 4205 1450 4298 conflantur,
1462 4229 1571 4303 quam
1583 4202 1740 4276 maxime

248 4336 379 4411 idonea
400 4346 473 4424 est,
502 4344 546 4404 ut
570 4328 777 4428 corporibus
800 4329 1105 4405 circumdantibus
1129 4331 1311 4417 resistant,
1340 4339 1385 4400 ut
1412 4324 1610 4401 vermiculo
1628 4322 1741 4397 basim

248 4456 397 4532 solidam
416 4451 681 4527 sustentationis
701 4448 905 4548 praebeant,
928 4463 965 4521 et
985 4450 1144 4547 denique
1166 4463 1210 4525 ut
1232 4462 1364 4522 terram
1392 4445 1590 4520 aliorumve
1611 4469 1740 4544 corpo-

249 4604 332 4657 rum
356 4600 462 4678 poros
481 4598 589 4673 supra
611 4596 692 4672 quae
712 4569 926 4670 gradiuntur
946 4581 1149 4669 penetrent.

1192 4779 1195 4783 ,
1267 4712 1295 4788 9
