4244 5850
1073 520 1087 616 (
1115 522 1188 600 170
1211 521 1227 618 )

316 632 319 639 ¹
449 696 531 770 Illas
553 693 657 768 fibras
678 714 755 764 sese
774 690 995 788 depmreutes
1016 686 1267 761 tantummodo
1287 689 1380 779 vidi,
1405 706 1521 790 quum
1540 695 1692 792 guttulas
1708 695 1892 798 sauguinis

400 828 504 893 erant
531 815 768 904 crassisnmoe,
801 810 938 883 scilicet
961 834 1077 909 quum
1104 814 1143 883 in
1171 811 1302 883 minori
1326 811 1400 884 basi
1423 814 1537 916 major
1561 818 1743 916 sanguinis
1769 838 1891 918 qm.

400 943 482 1013 titas
508 936 703 1011 Iocabatur.
733 935 861 1025 Quum
884 958 971 1007 vero
995 936 1141 1033 sanguis
1163 932 1294 1007 leviter
1314 932 1408 1034 jacet
1428 936 1468 1006 in
1492 937 1629 1011 uuum
1650 953 1714 1012 ant
1740 941 1887 1033 mium,

398 1063 437 1134 in
455 1080 604 1159 vapores
625 1057 699 1130 abit
716 1069 754 1129 et
768 1057 846 1128 sine
863 1054 941 1128 ullo
957 1053 1117 1154 deposito
1135 1053 1353 1147 exsiccatur,
1375 1054 1624 1132 tantummodo
1642 1059 1760 1135 locum
1776 1084 1888 1162 quem

397 1183 588 1281 occupavit
607 1179 719 1254 rubro
745 1178 865 1252 colore
887 1178 1014 1250 inlicit.

445 1303 568 1400 Aqua,
591 1300 755 1392 alcohol,
782 1304 852 1372 etc.
877 1300 1091 1398 sauguinem
1115 1297 1316 1372 dissolvunt
1340 1322 1411 1373 nec
1435 1300 1504 1375 ulli
1525 1304 1743 1402 precipitato
1766 1303 1887 1380 locum

395 1422 569 1524 praebent.
603 1421 775 1495 Alcobole
805 1435 843 1495 et
876 1421 986 1494 acidis
1011 1416 1191 1494 albescere
1223 1420 1378 1494 videtur.
1412 1422 1613 1516 Caetcrum,
1643 1424 1886 1524 experimenta

394 1546 496 1617 istius
516 1546 658 1643 generis
672 1545 755 1616 satis
774 1542 931 1616 difficilia
951 1556 1084 1635 essent,
1105 1544 1277 1643 quoniam
1293 1545 1426 1643 exigna
1444 1545 1694 1620 tantummodo
1707 1547 1888 1647 quantitas

393 1665 577 1763 sanguinis
600 1665 684 1761 puri
707 1664 827 1762 colligi
852 1677 981 1763 potest.

185 1803 298 1884 rasura
316 1821 378 1860 on-
443 1786 711 1884 Experimentis
732 1785 1008 1858 clarissimorum
1036 1785 1313 1873 herverum,
1340 1786 1533 1879 Hewson,
1559 1786 1705 1873 Home,
1729 1784 1891 1860 Pmost

218 1889 318 1944 guinis.

393 1920 432 1982 et
453 1910 605 1980 Damas
622 1907 771 2000 ductus,
794 1933 1005 2007 persuasum
1029 1910 1150 1981 animo
1164 1909 1360 2000 habebam,
1381 1933 1441 1981 me
1455 1909 1496 1981 in
1513 1908 1688 2008 sanguine
1703 1905 1888 1982 Lambrici
2045 1940 2058 1955 ·

391 2036 625 2130 reperturum
650 2046 724 2101 esse
747 2027 910 2128 globulos
933 2028 1059 2102 lormae
1077 2052 1121 2102 eo
1138 2030 1405 2123 constantioris,
1426 2029 1526 2130 qnod
1543 2028 1758 2104 Lumbricus
1772 2024 1890 2105 multo
1909 2023 1912 2029 ’

391 2155 506 2253 magis
519 2152 564 2225 ad
579 2152 746 2225 animalia
759 2151 926 2225 classium
939 2152 1168 2250 superiorum
1185 2178 1294 2250 qvaam
1310 2149 1889 2250 adcaeterainvertebnta,quoad

392 2274 577 2374 sauguinis
601 2273 778 2365 indolem,
805 2268 964 2345 accedat.
994 2271 1084 2344 Mihi
1105 2272 1216 2344 etiam
1239 2269 1447 2360 ridebatur,
1474 2272 1646 2369 qnoniam
1663 2272 1703 2343 in
1721 2268 1891 2344 omuibus

324 2432 329 2440 ·
391 2384 607 2465 dbimalibus
629 2394 807 2493 sangnine
827 2392 961 2491 stigido
983 2388 1142 2492 praeditis
1162 2389 1217 2464 illi
1237 2390 1374 2490 globuli
1391 2404 1511 2464 essent
1530 2391 1696 2490 elliptici,
1716 2388 1888 2464 Lambri·-

392 2528 478 2587 c'um
500 2522 705 2586 terrestrem
728 2513 844 2586 eidem
867 2513 940 2612 legi
963 2531 1037 2586 esse
1058 2512 1274 2605 obnoxium,
1296 2511 1359 2585 sed
1382 2536 1466 2585 mox
1487 2537 1610 2587 errore
1630 2537 1711 2585 sum
1733 2510 1886 2586 levatus.

391 2634 437 2706 ln
459 2631 625 2706 omnibns
646 2630 954 2706 observationibus
971 2658 1062 2730 quas
1084 2631 1131 2705 de
1152 2631 1222 2705 hac
1247 2657 1288 2706 re
1314 2634 1478 2725 institui,
1504 2657 1582 2712 nou
1599 2634 1702 2733 potui
1718 2628 1888 2731 detegere

267 2758 273 2767 ’
392 2752 473 2829 illos
500 2752 659 2826 merulos
686 2751 999 2844 membranaceos,
1031 2755 1224 2827 circulares
1255 2768 1321 2828 aut
1350 2754 1544 2854 elliptioos,
1569 2753 1752 2853 deprmsos
1778 2765 1817 2826 ct
1845 2753 1885 2825 in

391 2874 547 2952 vasculis
569 2874 785 2973 sanguiferis
806 2872 931 2976 majori
949 2875 1127 2948 minorive
1147 2875 1331 2947 celeritate
1354 2875 1508 2952 volutus.
1529 2874 1601 2949 Sed
1619 2886 1778 2949 econtra
1799 2870 1887 2974 pul·

393 2994 616 3070 c‘bcnim'u'm
638 2992 730 3068 mibi
751 2993 911 3070 oblatum
932 3009 985 3068 est
1006 2995 1271 3095 spectaculum,
1301 3013 1419 3095 quum
1445 2997 1668 3094 microseopii
1694 2992 1886 3068 reflecteris

391 3118 481 3216 ope,
526 3119 693 3217 perspexi
738 3116 920 3217 guttulam
958 3119 1145 3217 sanguinis
1171 3140 1221 3192 ex
1259 3118 1391 3220 magud
1428 3118 1522 3197 vend
1554 3117 1640 3192 eavb
1676 3138 1790 3216 prope
1821 3134 1888 3191 eor

392 3236 633 3337 desumptam.
665 3240 707 3311 ln
729 3238 852 3312 tabulis
875 3239 1016 3313 XXII
1020 3285 1044 3299 -
1055 3240 1203 3314 XXV.
1217 3240 1297 3341 fig.
1323 3244 1342 3313 1
1362 3255 1402 3314 et
1426 3244 1462 3312 2.
1490 3238 1620 3315 leviter
1639 3235 1887 3311 tantummodo

393 3358 605 3435 adumbravi
625 3361 758 3432 mirum
780 3362 1045 3459 phoenomenou
1067 3358 1166 3462 q'riod
1187 3365 1280 3438 visui
1296 3358 1518 3436 occurrebat.
1544 3356 1699 3434 Guttnla
1718 3357 1767 3430 ud
1786 3374 1888 3432 utur-

394 3480 517 3581 ginem
537 3481 685 3572 siccata,
708 3480 900 3554 exhibebat
913 3485 1122 3557 innumeras
1141 3483 1247 3558 fibras
1261 3480 1458 3575 radiantm,
1472 3480 1601 3557 divisus
1617 3479 1888 3578 autumpli'cec,

395 3616 443 3675 ex
463 3600 693 3675 dessicatione
710 3602 894 3702 sanguinis
913 3604 952 3676 in
967 3602 1037 3676 bbc
1051 3605 1216 3704 portione
1238 3597 1419 3678 oriundas.
1441 3596 1485 3674 In
1506 3598 1644 3692 medio',
1663 3595 1729 3673 nbi
1742 3599 1888 3699 sanguis

396 3717 523 3821 majori
545 3722 646 3819 copia
669 3721 895 3815 occurrebat,
919 3722 1183 3825 distinguebam
1197 3727 1391 3799 innumera
1413 3725 1546 3823 exigua
1566 3742 1698 3813 vacua,
1720 3718 1889 3818 parvulus

277 3845 283 3855 '
395 3837 529 3932 bullas,
557 3845 640 3915 aire
664 3840 835 3942 repletas,
855 3866 937 3944 quae
957 3842 1036 3919 iere
1055 3872 1200 3940 omnes,
1223 3847 1414 3947 sphetim,
1437 3856 1507 3947 per
1523 3842 1692 3944 ⁴(putedaut
1714 3864 1789 3916 suat
1811 3842 1884 3916 eir·

398 3959 648 4034 cumferentiae
676 3977 812 4061 puncta
842 3988 918 4038 sese
947 3965 1165 4066 tangebant,
1199 3992 1285 4040 mox
1313 3963 1626 4071 conjungebantur
1654 3966 1696 4037 et
1725 3957 1889 4063 gtobntoe

398 4078 550 4184 majores
567 4081 838 4180 progignebant.
863 4086 938 4160 lllae
961 4084 1070 4161 bullae
1087 4091 1248 4186 primum
1272 4090 1416 4189 exigue
1439 4101 1477 4161 et
1496 4108 1650 4160 numero
1662 4096 1720 4157 sat
1732 4104 1888 4184 magno,

398 4224 442 4277 eo
478 4203 631 4277 rariores
672 4218 710 4277 et
739 4209 922 4282 crassiores
950 4202 1172 4302 evadebant,
1204 4232 1279 4311 quo
1306 4210 1422 4310 magis
1448 4203 1697 4282 exsiccabatur
1724 4204 1888 4306 smgnis,

398 4318 723 4424 quemadmodum,
745 4352 861 4425 quum
879 4354 948 4430 ope
960 4326 1059 4425 tubi,
1074 4333 1117 4404 in
1130 4333 1226 4432 aqud
1244 4335 1385 4432 saponis
1399 4322 1565 4421 inflatur,
1580 4325 1690 4401 bulloe
1705 4340 1788 4425 que
1801 4312 1893 4400 iude

399 4445 584 4537 oriuntur,
607 4444 884 4523 confunduntur
907 4464 945 4524 et
964 4466 1206 4553 rumpuntur,
1227 4466 1339 4555 prout
1360 4454 1484 4528 minus
1502 4453 1659 4553 agitatm
1681 4464 1787 4549 tque·

448 4563 524 4639 Illae
543 4564 652 4640 bullae
674 4579 796 4642 tamen
824 4571 970 4645 omuino
992 4574 1167 4650 differunt
1186 4574 1232 4649 ab
1253 4574 1323 4649 illis
1338 4599 1420 4676 qnae
1441 4573 1484 4647 in
1498 4592 1599 4672 equa
1619 4568 1761 4671 apanis
1777 4564 1890 4645 estot-
