4244 5850
917 515 1046 614 (61)

205 686 382 786 phane,
416 685 658 785 fragilesqu03
690 680 888 757 substantia
916 705 1001 758 vero
1028 684 1163 782 species
1192 697 1246 758 est
1273 711 1386 760 cornu
1407 686 1573 762 calcarei.
1608 687 1736 762 Forma
1760 739 1869 795 roma.

234 809 378 899 conica,
393 807 438 880 ad
453 808 593 906 apicem
607 807 646 879 in
661 819 815 879 rostrum
833 804 1016 905 paulisper
1027 830 1198 900 recurva,
1215 806 1314 881 unde
1331 809 1371 882 fit
1380 864 1390 902 ,
1409 824 1451 883 ut
1467 809 1581 884 veluti
1598 836 1738 884 uncum

231 930 405 1007 forment.
428 929 527 1002 Basia
553 928 704 1027 et'apex
726 927 974 1025 distinguitur.
998 926 1097 1002 Basis
1115 929 1153 1000 in
1177 931 1330 1004 cavitate
1352 930 1520 1004 mamillae
1545 931 1737 1031 peculiaris

232 1051 424 1143 inseritur,
447 1050 606 1150 qudcum
632 1049 789 1122 mamilla
806 1050 934 1120 intime
950 1047 1133 1149 jungitur,
1152 1052 1370 1150 interpositis
1386 1053 1509 1125 multis
1521 1051 1637 1147 fibris,
1655 1079 1737 1153 quae

231 1174 436 1247 insertionis
458 1187 636 1272 punctum
668 1171 804 1244 habent
834 1169 880 1243 ab
902 1171 974 1244 und
1003 1184 1123 1269 parte,
1150 1172 1195 1244 ad
1216 1171 1329 1244 hasim
1353 1186 1530 1266 setarum,
1560 1172 1605 1245 ab
1625 1173 1735 1247 altera

233 1293 416 1394 parte,vel
426 1294 470 1366 ad
482 1308 600 1393 partes
610 1293 774 1366 laterales
786 1292 843 1367 vel
856 1291 899 1364 ad
911 1292 1099 1365 inferiores
1112 1293 1460 1368 mamillarumHaec
1472 1296 1619 1394 quidem
1631 1295 1735 1389 basis,

234 1439 317 1514 quae
338 1412 414 1486 basi
436 1416 554 1486 conia
575 1427 657 1486 setae
679 1438 826 1511 corpore
848 1413 970 1514 effecti
985 1414 1195 1513 respondet,
1219 1416 1327 1489 simul
1348 1443 1431 1489 cum
1451 1418 1608 1490 mamilli
1627 1431 1736 1493 strato

234 1534 432 1616 musculari
455 1535 644 1622 innititur,
668 1548 706 1606 et
728 1534 785 1608 vel
809 1536 879 1626 sic,
902 1548 946 1609 ut
970 1536 1127 1609 mamilla
1151 1537 1196 1610 ad
1215 1538 1327 1611 basim
1352 1539 1499 1613 alterius
1522 1541 1602 1612 coni
1623 1542 1736 1640 posita

233 1657 298 1749 ait,
331 1654 438 1758 cujus
459 1667 578 1754 partes
600 1655 639 1725 in
663 1653 897 1727 directionem
924 1658 1122 1755 oppositam
1149 1655 1280 1759 jacent.
1317 1659 1385 1732 Hic
1411 1660 1591 1733 secundus
1617 1654 1734 1733 ¹conus

234 1768 382 1852 omnino
399 1776 613 1849 muscularis
629 1788 700 1866 est,
717 1786 761 1848 ut
776 1774 849 1875 jam
870 1775 1038 1851 vidimus.
1063 1778 1380 1877 supervacaneum
1398 1779 1490 1852 mihi
1506 1778 1651 1854 videtur
1673 1805 1735 1853 re·
1783 1785 1784 1788 ’

233 1912 357 2000 petere
379 1897 659 1987 observationes,
684 1922 766 1995 quar
797 1898 863 1970 hac
886 1896 931 1970 de
955 1899 1120 1972 refactae
1148 1878 1269 1973 fudre.⁴
1291 1901 1391 1973 Basis
1411 1915 1566 1973 setarum
1591 1926 1733 2000 semper

232 2017 442 2094 reconditur
463 2021 502 2090 in
519 2031 615 2089 statu
632 2016 789 2089 naturali
807 2031 843 2089 et
862 2017 919 2090 vel
937 2019 1044 2091 etiam
1063 2021 1102 2091 in
1117 2021 1309 2094 fortissima
1328 2035 1485 2094 setarum
1504 2020 1732 2122 expulsione,

232 2145 273 2215 1ο
295 2139 392 2240 pelle
418 2164 528 2239 quam
550 2136 753 2238 trajiciunt,
777 2140 820 2208 2⁰
840 2153 948 2212 strato
972 2142 1168 2216 musculari
1191 2142 1279 2242 pelli
1303 2141 1533 2217 succedente.

280 2266 384 2362 Apex
407 2273 584 2352 setarum,
603 2259 662 2334 vel
683 2285 765 2357 pars
786 2283 913 2332 earum
931 2263 1095 2358 superior
1117 2262 1232 2336 multo
1254 2263 1399 2334 tenuior
1417 2276 1470 2333 est
1492 2287 1600 2360 quam
1620 2259 1731 2354 basis,

233 2409 306 2484 quo
322 2382 471 2482 quidem
489 2392 703 2481 argumento
718 2380 833 2452 forma
853 2381 976 2451 conica
994 2380 1177 2478 probatur.
1194 2382 1308 2455 Paulo
1323 2382 1418 2454 infra
1433 2381 1553 2458 levem
1567 2381 1732 2456 animad-

230 2496 405 2582 'verrimus
427 2503 733 2593 incurvationem,
759 2527 841 2600 quae
863 2502 950 2574 huic
976 2528 1111 2603 organo
1133 2505 1289 2602 speciem
1315 2504 1401 2577 unci
1426 2502 1575 2602 praebet.

278 2627 500 2725 Quanquam
523 2636 607 2697 setm
627 2647 739 2696 sesea
763 2621 837 2695 basi
864 2622 909 2695 ad
933 2625 1070 2721 apicem
1096 2638 1265 2717 curvent,
1293 2625 1371 2697 haec
1396 2637 1518 2696 tamen
1535 2639 1746 2710 curvatura,

221 2736 305 2823 'non
327 2761 401 2821 tam
424 2747 553 2847 ingens
574 2757 646 2839 est,
671 2770 780 2846 quam
805 2769 890 2846 quae
917 2747 956 2818 in
977 2748 1079 2847 apice
1100 2745 1221 2821 locum
1245 2745 1374 2839 habet,
1402 2747 1538 2846 quippe
1560 2771 1642 2845 quae
1669 2770 1730 2819 re-

229 2884 339 2972 pente
361 2868 527 2942 efficitur.

278 2991 342 3064 llis
371 2992 575 3065 curvaturis
609 2987 782 3080 efficitur,
822 3001 866 3060 ut
894 3014 985 3088 apex
1017 3004 1176 3063 setarum
1202 3012 1344 3088 semper
1369 2989 1540 3062 interiora
1567 3001 1728 3087 spectet,

229 3115 365 3204 idest,
392 3113 525 3186 lineam
558 3109 759 3183 medianam
794 3108 1030 3203 inferiorem3
1068 3134 1225 3210 cumque
1256 3110 1325 3181 hoc
1357 3132 1402 3181 ex
1437 3108 1591 3205 utrdque
1624 3119 1726 3205 parte

226 3235 398 3327 efficitur,
421 3232 599 3331 modoque
617 3233 779 3321 inverso,
799 3230 930 3304 exinde
946 3233 1129 3330 seqnitur,
1152 3233 1181 3303 si
1196 3243 1280 3303 setae
1301 3228 1457 3303 duorum
1470 3225 1725 3301 fasciculorum

226 3359 443 3460 cogitatione
463 3354 729 3454 producantur,
754 3353 833 3426 illas
852 3355 953 3452 quasi
975 3353 1133 3427 litteram
1152 3351 1190 3426 U
1210 3351 1379 3424 formare.

263 3481 365 3573 *Quo
384 3479 497 3578 magis
519 3489 605 3550 setm
626 3476 672 3548 ad
698 3476 831 3548 lineam
860 3475 1064 3549 medianam
1090 3477 1299 3549 inferiorem
1324 3470 1512 3563 accedant,
1543 3495 1585 3544 eo
1612 3468 1725 3571 major

225 3603 346 3679 adius
369 3613 572 3675 curvaturae
592 3599 646 3670 fit.
668 3597 754 3671 llaec
775 3597 898 3697 regula
920 3598 1042 3672 locum
1063 3597 1173 3671 habet
1193 3623 1260 3697 pro
1278 3593 1372 3668 binis
1396 3593 1616 3684 curvaturis,
1645 3613 1725 3692 quae

225 3721 378 3826 proinde
397 3721 512 3820 magis
533 3732 619 3793 sunt
640 3720 846 3817 conspicuae
861 3723 900 3792 in
917 3719 1077 3794 seriebus
1098 3720 1190 3792 binis
1210 3715 1531 3818 longitudinalibus
1552 3716 1720 3788 externis.

224 3848 350 3948 Spinoe
364 3843 532 3919 binarum
555 3844 730 3914 sericmm
751 3841 1072 3941 longitudinalium
1093 3842 1339 3932 internarum,
1363 3839 1543 3937 praecipue
1560 3837 1723 3935 priorum

226 3964 482 4042 fasciculorum
504 3962 583 4035 fere
603 3975 689 4034 sunt
709 3976 835 4054 rectae,
859 3976 896 4037 et
917 3966 1064 4037 omnino
1086 3974 1172 4035 sunt
1195 3983 1319 4034 versus
1335 3965 1473 4056 partem
1490 3957 1721 4055 posteriorem

224 4086 262 4164 ct
289 4085 508 4161 anteriorem
533 4084 708 4181 corporis,
745 4081 808 4155 ubi
831 4082 1005 4156 diameter
1033 4085 1138 4156 istius·
1162 4082 1279 4154 minor
1303 4078 1357 4150 fit.
1383 4076 1549 4174 Namque
1577 4093 1621 4146 ex
1650 4064 1721 4143 lrac

223 4207 390 4284 diametri
419 4206 680 4278 imminutione·
704 4205 823 4276 oritur
848 4204 1150 4306 appropinquatio
1177 4198 1353 4274 serierum
1383 4207 1458 4270 tam
1488 4206 1720 4267 externarum

223 4356 334 4435 quam
352 4331 594 4402 internarum.
611 4357 615 4362 ·

247 4435 364 4527 'Seue
384 4473 488 4549 pares
511 4448 740 4521 transversim
762 4472 985 4548 unoquoque
1003 4449 1043 4520 in
1065 4443 1201 4521 annulo
1221 4438 1486 4542 disponuntur,
1509 4451 1594 4512 setae·
1609 4437 1717 4538 primi
1735 4463 1872 4542 nimam
1885 4483 1944 4550 que

223 4590 259 4651 et
285 4571 437 4649 secundi
462 4569 625 4644 fasciculi
651 4569 941 4675 uniuscujusque
970 4572 1076 4646 serici
1111 4562 1402 4667 longitudinalis,
1436 4559 1531 4633 inter
1559 4580 1600 4633 se·
1623 4584 1717 4632 non·
1751 4544 1943 4657 {¹,J{{{„Jff['‘⁸
