4244 5850
901 518 1034 623 (55)

222 709 303 799 post
319 696 454 787 oritur,
479 688 697 792 quibusdam
718 712 803 763 vero
824 686 864 758 in
882 687 1080 765 individuis
1098 692 1350 766 tantummodo
1366 690 1412 766 ad
1430 697 1479 767 12
1494 707 1531 769 et
1550 697 1598 772 19
1613 723 1739 772 annu-

222 819 302 894 lum
315 819 401 891 oriri
413 815 590 911 vidimus,
606 815 644 886 in
662 812 740 885 aliis
756 836 777 885 e
794 823 934 903 contra,
954 826 990 884 et
1001 811 1071 885 hoc
1087 814 1235 912 quidem
1252 817 1291 887 in
1309 815 1511 917 plerisque,
1532 822 1675 893 nonnisi
1692 821 1740 895 ad

223 943 274 1012 22
292 939 350 1015 vel
366 940 416 1032 24
433 936 613 1011 annulum
630 937 853 1036 reperimus,
866 935 904 1008 id
918 951 971 1008 est
986 962 1111 1011 versus
1126 940 1309 1040 regionem
1324 941 1593 1016 stomacbalem.
1619 943 1738 1017 Series

223 1086 342 1163 usque
363 1062 409 1136 ad
430 1088 542 1135 anum
559 1062 818 1151 continuatur,
841 1061 1006 1158 quamvis
1029 1073 1150 1133 tamen
1172 1087 1215 1133 eo
1241 1088 1358 1161 usque
1382 1063 1592 1136 difficillime
1612 1065 1737 1140 videre

223 1187 346 1287 possit.
373 1184 430 1258 Ad
453 1196 621 1284 caputet
645 1181 691 1254 ad
707 1209 819 1254 auum
837 1185 899 1256 vix
920 1185 1104 1280 conspicui
1122 1198 1207 1257 sunt
1229 1187 1327 1285 pori,
1350 1186 1413 1259 sed
1435 1188 1583 1259 maximi
1608 1188 1739 1261 riden-

218 1323 287 1391 ¹tur
303 1310 342 1381 in
359 1321 462 1408 parte
478 1306 596 1380 media
614 1305 789 1405 corporis,
809 1317 847 1377 et
861 1303 1044 1403 praecipue
1064 1308 1104 1377 in
1120 1303 1189 1377 hae
1206 1320 1327 1404 parte,
1349 1333 1430 1406 quae
1447 1309 1543 1381 iuter
1560 1309 1738 1382 mamillas

224 1430 276 1506 16
295 1429 423 1503 annuli
452 1442 490 1502 et
515 1432 611 1501 inter
640 1426 816 1500 clitellum
842 1426 1064 1499 extenditur.
1094 1427 1176 1525 (Ut
1207 1428 1260 1500 Cl.
1297 1431 1417 1501 Carus
1443 1431 1740 1534 animadvertit.)

225 1555 269 1629 ln
285 1553 503 1654 quibusdam
519 1548 713 1653 majoribus
729 1547 927 1623 individuis
950 1548 1055 1621 oculo
1072 1549 1171 1622 nudo
1188 1564 1338 1649 possunt
1351 1552 1527 1649 conspici,
1546 1555 1584 1624 in
1598 1555 1741 1654 exiguis

226 1673 448 1763 Lumbricis,
474 1686 511 1747 et
532 1674 716 1772 praecipue
741 1673 781 1743 in
807 1670 1061 1764 cadaveribus,
1089 1699 1196 1772 poros
1214 1673 1338 1749 videre
1363 1701 1566 1773 numquam
1592 1677 1691 1751 licet.

250 1796 1738 1896 Exindesequiturporosnumeroessel10,quinumerusaliquantload120variat.
1772 1811 1920 1868 Numerus

275 1919 539 2019 Unusquisque
566 1943 738 2018 pororum
766 1917 806 1987 in
836 1913 933 1988 linesi
960 1914 1090 1989 dorsali
1119 1929 1156 1990 et
1186 1914 1231 1988 ad
1257 1917 1549 1992 intersectionem
1578 1920 1739 2022 cujusvis
1772 1947 1888 2003 poturo.

228 2043 356 2118 annuli
391 2044 603 2134 invenitur,
635 2065 717 2140 quae
748 2038 844 2110 linea
873 2037 1020 2110 dorsalis
1051 2038 1092 2109 in
1123 2037 1340 2137 quibusdam
1370 2039 1568 2114 individuis
1600 2046 1745 2119 intense

228 2166 331 2244 fusca
348 2179 414 2239 est.
432 2165 512 2239 Tali
525 2163 673 2264 quidem
688 2161 794 2235 niodo
810 2162 1064 2253 inveniuntur,
1080 2175 1123 2234 ut
1136 2162 1189 2235 Cl.
1207 2164 1327 2235 Carus
1340 2177 1377 2237 et
1393 2164 1471 2257 alii,
1488 2165 1568 2239 illos
1582 2168 1621 2239 in
1637 2182 1745 2267 parte

230 2290 409 2366 anteriore
422 2288 582 2391 cujusvis
593 2285 740 2379 annuli,
763 2283 824 2357 alii
842 2298 1002 2357 econtra
1019 2284 1058 2356 in
1074 2298 1178 2382 parte
1189 2286 1385 2383 posteriore
1405 2286 1534 2360 vidisse
1548 2300 1741 2363 testantur.

229 2411 302 2486 Nos
318 2437 404 2487 vero
421 2409 658 2497 arbitramur,
680 2433 787 2506 poros
807 2405 879 2478 illis
899 2406 939 2477 in
956 2419 1059 2504 parte
1081 2406 1260 2479 anteriore
1277 2408 1362 2478 sitos
1384 2432 1471 2481 esse.
1496 2410 1611 2482 Trans
1631 2411 1743 2489 telam

231 2530 438 2607 cellulosam
468 2530 563 2602 hanc
588 2527 756 2620 densam,
784 2549 866 2626 quae
892 2527 1071 2599 anteriora
1098 2526 1389 2629 uniuscujusque
1413 2530 1542 2603 annuli
1569 2547 1741 2632 occupat,

231 2655 411 2729 transfossi
434 2665 536 2744 sunt,
560 2653 610 2723 ita
636 2650 786 2751 quidem
809 2661 870 2739 ut,
894 2647 1043 2769 animali
1069 2673 1145 2722 sese
1167 2651 1423 2745 contrahente,
1448 2666 1619 2754 tegantur
1640 2655 1747 2757 plicis

230 2775 358 2850 annuli
381 2773 637 2875 praecedentis,
667 2796 713 2845 ex
737 2796 780 2845 eo
802 2767 958 2845 efficitur
970 2823 982 2864 ,
1013 2782 1056 2843 ut
1077 2784 1158 2872 post
1182 2787 1337 2847 mortem
1364 2777 1487 2849 minus
1508 2776 1628 2853 adhue
1653 2804 1744 2854 con-

231 2900 348 3001 spicui
371 2900 456 2970 siut.

279 3023 503 3122 Quanquam
523 3021 577 3094 Cl.
597 3022 744 3092 Willis
764 3018 890 3091 fistul'ae
907 3020 1173 3091 extremitatem
1190 3020 1229 3090 in
1246 3019 1302 3091 his
1320 3021 1416 3118 poris
1432 3022 1689 3115 introduxisse,
1707 3037 1745 3096 et

230 3144 295 3221 hos
322 3171 426 3245 poros
449 3149 532 3216 aere
560 3144 702 3218 inflasse
730 3141 887 3234 dixerit,
918 3140 1010 3213 mihi
1035 3167 1078 3214 eo
1104 3166 1220 3240 usque
1247 3141 1412 3215 nondum
1439 3144 1618 3243 contingit
1646 3144 1744 3218 istud

231 3268 526 3367 experimentum
549 3267 753 3340 instituere.

204 3389 205 3392 ’
278 3390 459 3463 Pororum
491 3389 609 3462 forma
644 3387 829 3460 circularis
854 3385 945 3458 mihi
970 3383 1175 3463 ridebatur.
1210 3384 1303 3460 Cum
1329 3387 1564 3488 microscopio
1592 3386 1743 3462 submisi
1777 3405 1889 3460 Forma.

228 3539 377 3617 seg-men
401 3512 656 3585 tenuissimum
682 3509 763 3583 telae
787 3507 985 3602 cellulosae,
1009 3535 1097 3609 poro
1120 3509 1229 3582 unico
1252 3510 1359 3603 fissae,
1383 3509 1622 3585 animadverti
1645 3511 1747 3584 orifi-
1934 3485 1937 3492 .

231 3630 329 3710 oium
342 3635 421 3735 pori
434 3633 609 3707 diametro
622 3631 792 3704 imminui
803 3632 967 3729 margine
978 3632 1135 3731 quodam
1148 3633 1275 3732 exipsa
1286 3632 1356 3706 tela
1368 3632 1742 3706 cellulariconstante.

229 3757 299 3833 Ilio
330 3756 480 3858 quidem
510 3780 633 3854 margo
665 3766 874 3853 aperturam
914 3751 1035 3827 tubuli
1069 3753 1380 3857 correspondentis
1420 3756 1623 3856 unicuique
1657 3780 1750 3855 poro

232 3881 457 3979 constringit.

280 4002 460 4095 Quamvis
489 3999 730 4072 certissimum
759 3998 851 4072 mihi
880 4011 1067 4098 appareat,
1096 4025 1201 4099 poros
1223 4002 1307 4073 istos
1334 3999 1467 4073 ductus
1498 4024 1577 4072 esse·
1601 4002 1742 4092 aereos,
1762 4026 1803 4081 ne
1829 4043 1960 4095 porosum

228 4123 457 4227 respirationi
477 4124 732 4214 inservientes,
761 4121 869 4194 multi
895 4133 1017 4194 tamen
1042 4120 1166 4213 fuere,
1196 4121 1261 4220 qui
1289 4119 1528 4213 affirmarent,
1550 4119 1616 4192 hos
1643 4145 1748 4219 poros
1818 4112 1878 4148 ‘¹³¹¹'

228 4251 376 4324 nonnisi
406 4262 565 4322 externae
589 4246 788 4320 excretioni
811 4244 970 4317 materiae
992 4244 1095 4315 istius
1115 4242 1321 4341 glutinosae‚
1349 4242 1423 4342 qual
1451 4267 1583 4341 corpus
1604 4266 1748 4340 semper

230 4369 425 4461 oblinitur,
446 4370 633 4458 inseruire.
659 4368 788 4439 Omnis
805 4368 914 4460 cutis,
936 4368 988 4439 ait
1005 4364 1059 4438 Cl.
1075 4367 1138 4438 De
1150 4367 1386 4453 Blainville,
1412 4365 1457 4440 ad
1473 4365 1748 4464 respirationem

230 4491 479 4584 modificatur,
502 4504 540 4563 et
564 4491 644 4591 pori
666 4505 752 4563 sunt
772 4490 916 4563 nonnisi
938 4488 1091 4583 orificio,
1112 4513 1179 4589 per
1198 4513 1281 4589 quae
1302 4487 1450 4562 humori
1471 4487 1591 4559 exitus
1608 4484 1731 4560 datur.
1795 4550 1800 4561 .

279 4613 568 4718 Nonnumquam
608 4611 841 4714 microscopio
875 4611 1027 4690 submisi
1065 4613 1182 4693 varias
1217 4618 1338 4713 partes
1372 4606 1478 4711 pellis
1515 4609 1557 4683 in
1589 4606 1750 4711 corporis
