4244 5850
890 507 1042 605 (rsa)

230 698 303 747 non
322 698 342 744 a
362 676 542 772 proposito
561 672 718 746 alienum
740 670 977 774 judicavimus
994 670 1072 743 illas
1091 668 1245 744 diversas
1266 672 1450 769 opiniones
1469 671 1626 747 breviter
1647 698 1712 746 ex-

229 816 375 891 ponere.
399 793 627 865 Recentiores
653 793 848 892 praesertim
872 803 1033 863 auctores
1061 791 1215 862 interae
1239 792 1387 863 minime
1412 793 1651 884 conveniunt,
1677 805 1713 864 et

229 909 300 983 illas
321 912 533 1010 quaestiones
552 938 673 985 ansam
695 912 930 1011 prebuerunt
950 912 1100 1008 egregiis
1128 908 1312 1008 operibus,
1336 923 1373 981 et
1400 911 1495 983 inter
1517 934 1560 984 ea
1584 910 1714 983 disser-

230 1029 357 1102 bationi
378 1029 562 1102 clarissimi
591 1032 717 1117 Home
737 1033 904 1127 inopere
925 1030 1030 1130 cujus
1052 1029 1200 1102 titulus:
1226 1030 1519 1125 Philosophical
1541 1042 1714 1103 mansac-

230 1148 328 1220 tione
335 1158 350 1233 ,'
374 1149 459 1221 anni
483 1150 592 1222 1823.
610 1150 833 1246 Comparatio
852 1152 947 1221 inter
968 1149 1089 1247 plures
1110 1150 1304 1222 Annelides
1319 1177 1447 1247 parum
1464 1152 1509 1224 ad
1525 1154 1713 1226 veritatem

230 1268 518 1366 consequendam
540 1269 692 1341 confert.
716 1270 880 1360 Etenim,
901 1271 957 1341 uti
980 1268 1115 1366 patebit
1136 1270 1250 1361 infra,
1269 1270 1463 1345 Hirudines
1478 1285 1515 1343 et
1535 1271 1615 1346 alim
1630 1296 1713 1373 spe-

230 1388 302 1461 cies
321 1389 543 1488 progignunt
567 1388 684 1488 pullos
703 1391 840 1461 ratione
861 1390 1006 1461 omnino
1023 1415 1044 1460 a
1066 1389 1265 1462 Lumbricis
1290 1390 1515 1464 terrestribus
1535 1390 1685 1467 diversi.

277 1507 363 1579 Post
382 1508 477 1580 hano
497 1508 644 1584 brevem
666 1511 942 1607 expositionem,
959 1509 1139 1582 trademus
1159 1507 1282 1582 lectori
1301 1509 1394 1582 illud
1411 1508 1507 1607 quod
1523 1534 1568 1582 ex
1584 1511 1711 1583 nostris

231 1624 532 1703 mationibus
563 1643 685 1726 patere
711 1629 874 1720 ridetur,
907 1629 1007 1701 nobis
1036 1642 1157 1701 tamen
1186 1628 1266 1731 jure
1295 1642 1504 1703 remanente
1528 1629 1713 1727 opiniones

230 1747 445 1822 immutandi
466 1774 581 1848 quum
608 1752 827 1822 contrarium
856 1750 957 1822 nobis
981 1752 1223 1848 experimenta
1247 1747 1470 1821 exhibebunt
1489 1746 1556 1844 (1).
1583 1748 1711 1838 Quum

230 1879 367 1941 veteres
387 1880 526 1941 naturae
541 1882 753 1942 scrutatores
768 1869 861 1941 hanc
877 1882 1015 1967 partem
1035 1894 1107 1939 non
1123 1867 1247 1942 sedulo
1261 1866 1547 1958 observaverint,
1564 1865 1711 1940 illorum

230 1984 414 2083 opiniones
438 1986 579 2061 silentio
600 1987 876 2086 praeteribimus.

459 2241 488 2312 1.
537 2266 714 2314 ormrouss
738 2264 923 2316 somonam
946 2269 988 2315 ne
1012 2266 1228 2316 eronomorra
1251 2266 1471 2316 marorum.

235 2429 373 2529 Opinio
385 2433 613 2507 celeberrimi
627 2433 903 2510 Swammerdam
917 2434 991 2533 (2),
1005 2436 1372 2533 clarissimorumque
1379 2431 1560 2532 liudolphi
1572 2445 1609 2505 et
1623 2433 1708 2506 Leo.

276 2622 379 2697 Prior
403 2624 534 2700 horum
561 2628 842 2701 anatomieorum
870 2627 957 2700 dicit
981 2629 1188 2702 Lumbricos
1211 2642 1395 2703 terrestres
1418 2652 1463 2700 ex
1487 2627 1564 2702 ovis
1587 2651 1712 2698 omnes

228 2742 427 2820 efformatus
449 2749 588 2848 egredi,
612 2762 649 2822 et
676 2762 757 2847 post
777 2751 914 2821 exitum
941 2749 1080 2822 nnllam
1103 2750 1339 2824 mutationem
1367 2746 1511 2839 subire,
1536 2744 1709 2844 ideoque,

228 2867 297 2955 ait,
319 2860 477 2941 breviter
503 2867 662 2960 eradunt
683 2867 803 2939 idonei
827 2867 945 2976 pullos
973 2867 1238 2969 progignendo,
1264 2878 1302 2938 et
1324 2866 1469 2938 femina
1490 2861 1711 2937 habentova

228 2980 519 3059 laeile'visibilia.
542 2990 597 3059 Ex
623 2989 678 3060 his
703 2988 819 3062 verbis
840 2989 957 3086 colligi
989 3001 1103 3086 potest
1132 2973 1726 3058 ce1.SwammerdamLumbri-'

228 3126 284 3174 cos
298 3102 463 3177 habuisse
482 3120 662 3205 tamquam
681 3110 789 3179 unico
809 3134 897 3181 sexu
918 3111 1100 3207 praeditos,
1123 3108 1207 3207 quia
1232 3106 1383 3178 seminas
1404 3104 1576 3176 distinxit.
1600 3100 1709 3173 Arbi-

227 3222 387 3299 trabatur
411 3225 489 3298 illos
510 3251 563 3299 sse
585 3232 766 3326 eriperes,
791 3243 828 3300 et
848 3232 887 3300 in
912 3230 1009 3319 ovis,
1034 3254 1144 3303 verno
1169 3241 1329 3324 tempore
1355 3226 1394 3297 in
1420 3239 1512 3296 terra
1537 3223 1705 3321 repertis,

226 3340 363 3416 detexit
384 3344 614 3445 embryonem
645 3361 682 3419 et
703 3348 968 3420 circulationem
997 3347 1074 3450 ejus
1094 3346 1293 3446 sanguinis,
1314 3345 1477 3443 quamvis
1500 3345 1545 3414 sit
1568 3341 1709 3414 albidus

227 3462 282 3534 uti
302 3458 374 3563 jam
398 3462 673 3538 observavimus.
702 3466 756 3538 CI.
780 3469 855 3539 Leo
882 3469 935 3565 (3)
966 3481 1002 3539 et
1024 3466 1216 3563 Radolpti
1241 3462 1402 3552 eamdem
1425 3459 1706 3537 observationem

225 3580 392 3657 fecerunt
413 3599 451 3656 et
469 3586 692 3659 contendunt
710 3586 876 3686 parvulos
899 3612 1037 3659 vermes
1057 3597 1232 3684 repertos,
1254 3608 1364 3658 verno
1384 3596 1561 3680 tempore,
1584 3582 1622 3653 in
1639 3605 1706 3656 ve-

224 3698 345 3773 riculis
370 3705 481 3775 aireis
502 3717 538 3776 et
570 3703 647 3777 aliis
671 3706 943 3779 Lumbricorum
967 3707 1126 3803 organis,
1153 3730 1226 3777 non
1254 3728 1329 3777 esse
1354 3701 1565 3800 embryones
1595 3698 1707 3801 hujus

223 3820 373 3920 speciei,
394 3821 455 3894 sed
476 3847 496 3894 e
518 3837 638 3896 contra
656 3826 820 3898 animalia
843 3827 1056 3899 intestinalia
1079 3827 1218 3924 generis
1241 3824 1467 3897 Vibrionum.
1492 3821 1644 3897 Laudati
1664 3820 1704 3891 hi

223 3954 385 4017 auctores
405 3940 579 4043 adjiciunt
593 3946 806 4055 animalcula
828 3947 888 4020 illa
912 3947 1127 4021 intestinalia
1145 3944 1252 4016 etiam
1279 3947 1317 4017 in
1333 3944 1607 4018 Lumbricorum
1629 3946 1708 4020 ovis

223 4084 426 4137 occurrere.

272 4223 319 4291 (a)
335 4221 416 4276 Hisce
429 4225 520 4277 verbis
534 4243 593 4297 quaa
607 4229 752 4298 conscripsi
770 4247 843 4284 anuo
863 4232 942 4297 1826,
962 4235 1092 4300 probatur
1109 4230 1179 4284 milri
1195 4241 1258 4283 tuuc
1275 4231 1442 4300 propositum
1459 4230 1542 4284 fuisse
1560 4245 1645 4282 novas
1659 4229 1702 4281 ia-

223 4308 413 4385 vestigatione·
433 4312 461 4366 in
481 4325 616 4384 posterum
636 4317 795 4372 instituere:
812 4321 885 4391 quod
904 4338 996 4373 revera
1014 4321 1084 4387 feci,
1106 4319 1147 4374 uti
1164 4319 1332 4373 demonstrat
1347 4319 1450 4373 additio
1469 4337 1529 4390 qua
1542 4317 1606 4371 huic
1623 4334 1704 4388 opus-

223 4396 285 4453 aalo
300 4398 430 4552 gdilpe'i'tltitar
443 4411 541 4543 agapus
557 4403 758 4462 demonstratur
772 4408 872 4462 modus
885 4410 976 4479 pullos
991 4418 1018 4461 et
1037 4426 1088 4462 ova
1107 4407 1250 4462 emittendi
1268 4407 1341 4477 optut
1363 4407 1533 4461 Lumbricos.

271 4492 304 4556 (a
361 4504 370 4540 a
504 4509 568 4544 um.

222 4576 323 4720 mm
335 4574 381 4721 {ie
402 4587 538 4634 muctare
556 4581 696 4638 Lumbrici
721 4585 859 4643 terrentia.
885 4585 1060 4657 Regiomonti
1084 4586 1158 4640 rino.
1196 4584 1279 4655 Quod
1299 4602 1367 4655 opus
1395 4584 1532 4640 maculare
1551 4584 1624 4640 mibi
1643 4602 1701 4641 sorr

268 4681 315 4720 um
349 4674 400 4721 uit.
