4200 5842
835 533 986 630 (191)

609 749 748 845 Opinio
773 748 979 820 clarissimi
1004 746 1115 821 Corus
1138 745 1153 845 (
1178 749 1205 849 ).

205 917 274 989 Hic
297 914 535 987 Germanicus
557 926 682 986 auctor
695 913 862 1011 ,primum
881 911 1085 1009 opinionem
1105 913 1193 984 satis
1208 911 1426 1012 singularem
1450 913 1589 1013 profert
1602 916 1649 990 de

157 1036 285 1111 ovariia
301 1048 338 1106 et
356 1032 544 1124 testiculis,
563 1057 785 1131 quaeorgana
807 1034 875 1132 ipsi
895 1031 1143 1104 tantummodo
1162 1031 1332 1108 videntur
1353 1033 1520 1110 vesiculae
1532 1040 1649 1110 aerea

155 1156 350 1230 admodum
371 1155 539 1228 evolutae.
573 1154 735 1243 Etenim,
758 1154 897 1251 inquit,
920 1151 1085 1228 vesiculae
1108 1155 1223 1225 aireae
1242 1151 1412 1226 desinunt
1432 1152 1495 1225 ubi
1526 1158 1647 1243 oraria

154 1278 337 1374 incipiunt
366 1272 488 1372 (quod
509 1272 745 1345 observationi
767 1272 1019 1369 adversatur),
1046 1284 1084 1342 et
1112 1271 1225 1344 forma
1248 1284 1285 1344 et
1310 1273 1437 1370 positio
1457 1275 1646 1373 utriusque

154 1399 286 1498 speciei
302 1420 520 1495 organorum
541 1394 677 1468 eaedem
697 1407 793 1466 sunt.
815 1392 924 1467 Addit
946 1418 1018 1463 non
1043 1390 1148 1463 facile
1166 1415 1240 1465 esse
1260 1390 1449 1464 intellectu
1465 1392 1645 1490 quomodo

155 1515 298 1617 parvub
324 1513 536 1606 Lumbrici,
568 1539 657 1612 quos
683 1511 881 1589 observavit
904 1514 1065 1587 viventes
1093 1513 1188 1584 inter
1218 1525 1337 1586 cutem
1368 1526 1406 1584 et
1431 1513 1643 1586 intestinum

153 1632 371 1732 (observatio
392 1632 516 1706 similis
531 1632 793 1730 investigationi
809 1630 894 1704 aCl.
908 1632 1106 1728 Monte'gre
1124 1631 1318 1728 institutae)
1338 1631 1384 1703 ad
1403 1631 1503 1703 hunc
1520 1630 1644 1704 locum

155 1749 387 1852 perveniant,
412 1752 475 1825 sed
497 1777 535 1824 se
555 1753 693 1849 opinari
710 1751 809 1824 hunc
830 1753 1018 1823 transitum
1039 1753 1116 1824 fieri
1135 1775 1203 1850 ope
1226 1750 1356 1824 ductus
1373 1750 1645 1849 longitudinalis

154 1871 389 1971 (typhlosolis
409 1885 473 1944 aut
496 1871 788 1970 chloragogenae)
808 1872 871 1969 qui
893 1885 1032 1969 partem
1055 1870 1216 1943 intestini
1234 1869 1407 1943 dorsalem
1429 1871 1640 1943 circumdat.

154 1991 219 2065 Fst
239 2016 414 2090 organum
437 2017 584 2083 cavum,
612 1992 751 2089 inquit,
771 2003 809 2062 et
830 1989 954 2063 eadem
976 1990 1209 2062 conformatio
1226 1990 1383 2061 occurrit
1396 1989 1435 2059 in
1451 1989 1643 2062 Lumbrico

153 2110 292 2182 marino
315 2123 352 2183 et
374 2109 583 2208 Aphrodita.
751 2108 753 2112 ’
1332 2096 1334 2103 ’
1542 2173 1545 2179 ,

202 2227 287 2303 Haec
303 2231 424 2328 opinio
436 2255 517 2329 quae
530 2227 575 2301 ab
591 2227 756 2302 omuibus
771 2228 909 2301 caeteris
919 2226 1146 2324 opinionibus
1161 2226 1297 2300 recedit
1310 2251 1383 2298 uon
1396 2225 1641 2303 observatione

154 2347 287 2421 directa
308 2347 481 2442 fulcitur,
498 2361 675 2439 econtra,
696 2348 736 2420 in
752 2372 875 2421 rerum
889 2361 1036 2439 natura,
1049 2344 1354 2445 phoenomenaab
1371 2345 1639 2437 illa-recedunt,

152 2491 236 2540 nam
254 2467 420 2541 vesiculae
446 2471 561 2542 aereae
575 2468 690 2542 etiam
709 2479 794 2541 ante
819 2469 959 2558 ovaria,
985 2465 1117 2558 idest,
1142 2468 1255 2564 magis
1272 2488 1401 2539 versus
1425 2479 1533 2564 caput
1560 2468 1640 2538 ani-

153 2586 271 2681 malis,
293 2602 504 2662 occurrant.

503 2752 642 2846 Opinio
667 2749 873 2822 clarissimi
896 2749 1024 2820 Leonis
1047 2746 1191 2820 Dusour
1215 2747 1229 2840 (
1255 2745 1281 2842 )

203 2909 256 2983 Cl.
283 2913 358 2984 Leo
383 2911 555 3009 Dafnen,
585 2912 661 2983 sine
687 2909 762 2984 ulla
788 2907 1020 2982 affirmatione
1043 2934 1089 2980 an
1115 2908 1300 2982 Lambrici
1324 2909 1396 2979 sint
1418 2907 1553 3006 ovipari
1576 2921 1639 2979 aut

152 3031 328 3129 vivipari,
362 3045 518 3103 attamen
547 3032 700 3129 primam
727 3031 930 3127 opinionem
962 3028 1149 3101 admittere
1179 3026 1335 3102 videtur.
1369 3024 1456 3122 Ejus
1488 3028 1639 3099 investi-

152 3150 309 3245 gationes
339 3161 550 3247 congruunt
571 3173 655 3221 cum
678 3146 748 3218 illis
776 3171 855 3244 quae
878 3145 1020 3245 jamjam
1043 3148 1199 3219 institnit
1224 3145 1303 3218 Cel.
1334 3146 1479 3242 [ponet
1489 3197 1502 3231 ‚
1538 3145 1634 3242 (vid.

151 3292 233 3365 pag.
252 3266 359 3364 190).
390 3265 661 3340 Observationes
681 3279 799 3337 tamen
822 3263 875 3334 Cl.
900 3265 1036 3335 Leonis
1062 3261 1215 3363 Dnsour
1232 3266 1433 3337 accuratius
1463 3275 1500 3335 et
1520 3263 1636 3336 fusius

152 3388 368 3460 continuatae
395 3387 559 3460 fuerunt.
587 3387 749 3477 Invenit,
776 3384 830 3456 nti
852 3389 919 3472 ait,
941 3383 980 3456 in
1001 3383 1095 3456 terri
1117 3382 1304 3484 argillacel
1334 3397 1397 3457 aut
1418 3383 1540 3480 margi
1564 3383 1635 3455 iol-

149 3505 275 3580 liculos
295 3519 358 3579 ant
380 3532 446 3580 ova
470 3505 765 3596 Lumbricorum,
787 3505 808 3577 5
829 3518 896 3577 aut
917 3503 941 3577 6
959 3502 1067 3601 pedes
1086 3503 1154 3578 sub
1171 3503 1264 3577 terri
1278 3502 1445 3577 latentia.
1461 3497 1553 3576 'Haec
1569 3528 1634 3577 ova

150 3638 254 3698 erant
273 3626 409 3697 caeteris
430 3624 635 3721 corporibus
655 3623 834 3726 sejuncta3
859 3623 1090 3697 continebant
1112 3622 1245 3697 animal
1266 3625 1305 3695 in
1323 3648 1360 3696 se
1382 3624 1498 3720 ipsum
1521 3622 1634 3722 repli-

150 3758 289 3834 catum3
312 3755 413 3815 erant
432 3742 600 3840 oblonga,
624 3742 980 3842 conico-cyliudrica‚
1004 3756 1149 3818 curvata
1170 3741 1215 3815 ab
1236 3765 1311 3816 uno
1330 3741 1460 3832 latere,
1480 3767 1632 3832 cornea,

149 3861 429 3935 membranacea.
456 3862 672 3934 Extremitas
695 3864 839 3935 crassior
863 3862 1007 3961 capsula
1030 3862 1180 3938 solvitur
1201 3875 1239 3935 et
1260 3863 1441 3962 progignit
1461 3861 1632 3934 Lambri-

149 4007 234 4055 cum
260 3982 324 4079 qui
354 3992 442 4052 tunc
473 3977 697 4078 longitudine
728 3981 816 4054 duos
842 3982 1009 4081 pollices,
1039 3981 1271 4056 crassitudine
1308 4006 1394 4055 vero
1424 3979 1631 4054 funiculum

147 4102 333 4201 vulgarem
359 4099 534 4198 adaquat.
564 4101 606 4172 In
633 4101 793 4176 folliculo
821 4105 1024 4202 s'anguifera
1053 4126 1134 4177 vasa
1158 4114 1376 4192 cernuntur,
1413 4115 1450 4174 et
1477 4125 1628 4175 acumen

150 4217 302 4320 capsulae
328 4218 484 4291 adhaeret
508 4220 605 4291 disco
624 4220 893 4297 membranaceo
918 4227 1025 4297 unius
1048 4224 1153 4297 linea
1175 4222 1350 4295 diametri.

196 4338 322 4429 Quum
349 4338 510 4412 nondum
543 4338 749 4415 efformatus
777 4357 831 4416 est
858 4344 1097 4426 Lumbricus,
1130 4339 1272 4441 capsula
1306 4339 1478 4438 impletur
1515 4338 1627 4438 pulpd

197 4596 246 4661 (ι)
267 4596 299 4646 lu
318 4608 398 4662 opera
415 4594 634 4660 ejoazooronia.

195 4684 245 4750 (a)
263 4682 338 4737 Aua.
360 4683 405 4736 der
421 4682 538 4736 sciences
551 4695 625 4753 nat,
641 4702 694 4756 prr
712 4685 783 4742 nu.
802 4685 949 4755 Audouin,
967 4685 1172 4758 Brongnimst
1185 4682 1443 4751 Dummttontv.
1454 4683 1539 4739 11⁸2&
