4244 5850
922 533 1102 636 (soar

277 760 279 765 ,
299 709 405 783 Vena
425 731 512 785 cava
527 705 689 807 primum
708 703 852 778 tenuior
869 699 991 779 evadit
1004 698 1050 774 ad
1067 697 1303 801 oesophagum
1318 723 1435 803 usque
1456 699 1503 775 ad
1520 699 1660 795 locum
1678 701 1742 781 nbi

250 856 321 944 oar
329 852 521 906 occanere
538 827 682 928 incipit,
703 828 820 926 primo
836 849 882 899 ex
900 823 1057 922 abrupto
1071 820 1242 895 dilatatur
1261 819 1333 919 (ol,
1347 821 1426 920 fig.
1450 825 1486 897 1.
1509 824 1588 906 tab.
1607 824 1744 899 XXI-

250 950 417 1027 XXIV
415 950 467 1049 .),
489 946 677 1024 formando
698 947 854 1046 speciem
875 943 1068 1021 ventriculi
1083 942 1277 1043 superioris
1294 941 1497 1038 subconici3
1515 968 1623 1045 supra
1641 946 1743 1023 hauno

250 1073 411 1176 primum
426 1067 671 1146 ventriculum
686 1065 894 1141 immediate
912 1065 1069 1139 occurrit
1085 1063 1266 1139 secundus
1283 1063 1348 1161 (e,
1373 1064 1466 1137 eoed.
1475 1065 1550 1164 fig.
1567 1079 1607 1138 et
1621 1068 1741 1167 aad),

251 1192 383 1294 major,
398 1191 624 1293 globulosus,
638 1189 803 1280 indatus,
813 1190 993 1288 sanguine
1003 1185 1113 1261 rubro
1128 1182 1249 1262 vivido
1261 1184 1434 1284 repletus:
1451 1198 1505 1258 eat
1519 1187 1743 1262 ventriculus

250 1314 400 1389 inferior
421 1325 486 1385 aut
507 1309 634 1411 major.
664 1309 731 1381 Hic
752 1311 924 1408 posterior
947 1306 1094 1381 exhibet
1113 1308 1379 1399 extensionem,
1401 1308 1469 1392 ed,
1495 1332 1576 1405 quae
1598 1309 1743 1384 nonnisi

250 1443 304 1507 eat
319 1456 424 1508 venae
440 1456 536 1505 cavae
556 1429 796 1519 coadunatim
815 1453 897 1527 quae
913 1430 1076 1501 extensio
1095 1428 1209 1502 variat
1227 1426 1471 1526 longitudine,
1489 1429 1741 1523 crassitudine,

250 1565 288 1627 a
304 1551 596 1626 aremarensis
613 1572 681 1648 pm
700 1549 806 1624 vass
821 1547 1028 1623 indivisus.
1051 1549 1278 1646 meamque
1297 1547 1413 1621 aare
1432 1549 1627 1625 venereas
1643 1551 1743 1624 infe-
1803 1532 1806 1539 '

249 1675 370 1765 eoru,
392 1671 617 1747 descendunt
635 1669 717 1770 (ef,
730 1671 824 1744 eoed.
832 1669 910 1769 fig.
931 1682 969 1742 et
984 1669 1086 1767 tab.)
1100 1668 1176 1743 duo
1188 1666 1268 1759 iila,
1284 1692 1400 1741 unum
1412 1668 1572 1742 adextro
1586 1669 1749 1745 alterum

249 1820 270 1869 a
285 1794 446 1884 aimatro,
461 1817 542 1892 quae
553 1815 635 1864 mox
649 1789 845 1864 dilatamm
862 1791 901 1861 in
913 1788 1001 1863 daus
1015 1787 1194 1861 auriculas
1206 1785 1258 1884 (f,
1269 1815 1318 1887 g,
1331 1787 1376 1875 lr,
1392 1789 1420 1860 i.
1431 1789 1459 1887 ).
1476 1789 1554 1863 111ae
1568 1790 1745 1867 auriculas

248 1915 375 1987 forme
392 1912 592 2011 elongate,
620 1911 774 2002 amice,
799 1910 1020 2008 replicantur
1046 1912 1086 1983 in
1113 1907 1347 2007 oesophagum
1378 1934 1491 2007 quem
1516 1911 1743 1986 circumdent

247 2034 361 2109 instar
378 2031 622 2125 annulorum
647 2055 762 2130 quum
779 2044 1026 2130 pervenerunt
1040 2032 1080 2103 iu
1102 2044 1223 2130 partes
1239 2030 1402 2106 laterales
1417 2032 1489 2130 (g)
1508 2033 1743 2110 crassitudine

246 2157 484 2245 mmuunerr,
506 2152 569 2226 sed
593 2151 714 2227 denuo
738 2151 934 2227 dlatantur
957 2152 1032 2251 (d)
1055 2152 1096 2230 in
1117 2150 1282 2243 domum,
1309 2150 1374 2226 ubi
1399 2165 1550 2251 repente
1572 2152 1746 2230 monam

245 2277 287 2348 in
309 2274 385 2350 duo
406 2273 465 2347 iila
492 2297 650 2372 morum
671 2297 757 2372 ope,
779 2271 917 2346 duecte
941 2298 1027 2347 cnm
1049 2272 1148 2347 sorti
1166 2274 1450 2346 communicem.
1721 2300 1723 2306 ⁸

295 2392 480 2468 Aumeulae
500 2393 701 2491 superiores
721 2416 795 2464 non
815 2390 990 2464 exhibent
1009 2394 1307 2468 extumescentias
1328 2391 1588 2467 moniliformes
1605 2395 1665 2468 uti
1679 2397 1742 2470 iu-

246 2512 408 2587 feriores.
436 2512 493 2585 Ad
517 2512 660 2584 tertiam
683 2513 817 2585 etenim
843 2512 971 2584 seriem
998 2511 1282 2586 ventricolarum
1305 2524 1344 2587 et
1365 2512 1632 2606 amicitiarum,
1659 2538 1747 2591 cer·

244 2646 386 2708 nunttar
399 2634 695 2707 extumescentiae
710 2632 980 2733 globuliformes
994 2631 1079 2731 (k),
1101 2646 1138 2706 et
1154 2631 1200 2705 ad
1218 2645 1384 2730 quartam
1404 2633 1487 2706 due
1505 2631 1743 2734 distinguun-

244 2753 332 2850 tur(
334 2753 428 2852 sk),
448 2754 496 2826 ad
519 2755 684 2852 quintam
707 2753 864 2851 denique
888 2764 960 2824 tres
980 2763 1176 2824 occurrunt
1201 2749 1324 2851 (flrl).
1353 2751 1427 2825 lllae
1449 2756 1746 2829 extumescentiae

243 2873 386 2949 variant
405 2872 524 2972 quoad
540 2872 833 2964 crassitudinem,
855 2896 1071 2964 numerum,
1089 2873 1300 2969 positionem
1319 2898 1384 2970 pro
1405 2872 1615 2950 individuis.
1638 2874 1743 2964 Quia

243 2994 318 3066 imo
343 2994 468 3066 inveni
502 2992 674 3092 quasdam
700 2994 741 3065 in
766 2991 887 3084 dorso,
916 2995 981 3066 etsi
1005 2992 1068 3065 ille
1094 3017 1198 3066 casus
1223 2996 1369 3065 nonsit
1395 2994 1572 3093 vulgaris:
1604 2997 1741 3069 etenim

244 3113 415 3188 auriculae
438 3113 489 3186 ibi
511 3114 801 3187 suntcontinuoe
821 3127 923 3186 etex
945 3114 1057 3186 amico
1077 3101 1221 3189 vasculo
1243 3115 1458 3211 compositae.

293 3233 429 3306 Omnes
440 3232 511 3305 illae
527 3232 771 3324 dilatationes,
786 3246 864 3306 tum
879 3234 1073 3307 ventriculi
1087 3247 1165 3307 tum
1178 3234 1365 3326 auriculae,
1378 3233 1617 3311 involvuntur
1631 3233 1738 3309 theut

244 3352 462 3444 masculari,
484 3351 647 3454 ejusdem
674 3379 716 3425 ac
741 3357 828 3452 ipsae
852 3355 996 3446 formae,
1025 3354 1261 3446 validissimi,
1291 3369 1328 3428 et
1349 3356 1507 3455 regulari
1532 3354 1640 3429 modo
1661 3380 1738 3430 sese

244 3473 489 3547 contrahente.
520 3475 563 3545 In
585 3498 736 3573 genere,
761 3476 882 3547 omnia
905 3474 1048 3550 vascula
1072 3476 1276 3576 sanguisera
1298 3477 1645 3575 proprias'tunicam
1670 3500 1738 3551 ex-

243 3606 384 3667 ternam
403 3607 513 3692 atque
528 3597 708 3667 internam
732 3594 887 3687 habent,
910 3596 1031 3667 sedin
1055 3621 1203 3695 organo,
1229 3596 1366 3695 dequo
1388 3622 1506 3689 nunc,
1529 3599 1738 3672 membrana

243 3711 425 3789 obducens
450 3726 504 3786 est
523 3713 569 3786 ad
588 3716 780 3789 minimum
804 3714 921 3790 decies
945 3717 1092 3788 crassior
1114 3741 1224 3814 quam
1249 3717 1371 3788 tunica
1393 3719 1535 3816 propria
1561 3743 1739 3793 venarum

127 3877 134 3888 ·
241 3847 306 3908 aut
335 3833 561 3906 arteriarum.
603 3832 690 3906 Hac
717 3834 947 3927 membrana,
976 3848 1144 3934 respectu
1169 3835 1394 3911 vasculorum
1422 3838 1735 3937 sanguiferorum,

241 3952 369 4027 eidem
389 3953 529 4026 ratione
549 3977 587 4025 se
609 3952 718 4028 habet
742 3981 784 4028 ac
807 3958 1054 4030 neurolemma
1078 3969 1245 4056 respectu
1268 3980 1476 4030 nervorum.

292 4069 347 4144 Cl.
370 4071 497 4144 Home
518 4074 558 4144 in
581 4073 696 4174 liguria
718 4100 793 4148 suae
814 4073 1066 4151 dissertationis
1085 4079 1130 4150 de
1147 4080 1288 4177 organis
1306 4080 1546 4177 respirationis
1564 4077 1737 4152 Lumbri-

240 4215 387 4285 corum,
410 4191 584 4266 delineari
614 4197 756 4271 curavit
777 4199 940 4297 quinque
960 4200 1059 4298 paria
1082 4197 1346 4291 auricularum,
1376 4199 1490 4272 donec
1509 4201 1547 4271 in
1570 4198 1738 4272 disserta-

239 4316 340 4389 tione
361 4311 408 4388 de
430 4317 573 4414 organis
598 4317 837 4416 generationis
856 4319 1133 4393 Lumbricorum
1155 4317 1303 4392 exhibet
1324 4343 1398 4392 sex.
1433 4320 1480 4392 Et
1500 4317 1624 4394 reveri
1644 4316 1737 4393 illud

240 4457 400 4535 persaepe
422 4432 701 4511 observavimus.
731 4437 914 4512 Numerus
932 4441 1107 4513 serierum
1130 4438 1262 4512 horum
1290 4464 1505 4538 organorum
1527 4437 1640 4510 variat
1663 4463 1685 4508 a
1712 4438 1735 4511 5

240 4555 479 4655 (minimum)
501 4556 547 4632 ad
568 4561 589 4637 7
611 4558 862 4658 (maximum).
887 4559 956 4632 Sed
973 4559 1083 4660 vulgo
1104 4558 1128 4633 5
1145 4560 1392 4658 reperiuntur.
1417 4559 1583 4657 Denique
1600 4555 1736 4657 paulae
