4244 5850
946 516 1074 614 (79)

247 682 383 760 elfere
411 681 522 757 nudis
541 681 656 758 oculis
679 682 876 758 invisibiles
902 683 1076 759 existunt.
1108 685 1294 759 Diameter
1320 685 1366 759 ad
1388 686 1587 762 maximum
1611 691 1756 765 tertiam

244 820 388 909 partem
416 806 617 881 millimetri
645 820 710 881 aut
736 806 922 880 dimidiam
952 806 1132 905 adaequat.
1165 808 1378 883 Immediate
1405 823 1486 910 post
1516 817 1656 885 coitum
1681 812 1755 887 illae

244 928 486 1005 dimensiones
507 942 698 1004 mutantur
716 943 865 1030 propter
883 931 1090 1005 functiones
1106 931 1239 1031 quibus
1254 932 1332 1007 haec
1348 960 1501 1034 organa,
1515 933 1670 1009 durante
1684 936 1754 1011 boc

245 1065 356 1144 actu,
377 1051 601 1152 funguutur.

291 1172 421 1257 Forma
443 1187 498 1246 est
516 1172 732 1274 cylindrica,
755 1198 835 1246 raro
852 1175 992 1265 conica,
1015 1199 1089 1246 non
1106 1175 1222 1249 multo
1240 1176 1285 1251 ad
1305 1175 1416 1252 basim
1435 1204 1529 1278 saepe
1549 1178 1752 1280 depressam
1787 1195 1895 1252 Forma.

241 1297 388 1398 largior.
417 1298 521 1398 Apes
543 1311 598 1370 est
617 1295 786 1389 obtusus,
811 1294 1027 1395 claususque
1052 1295 1210 1371 videtur.

175 1489 182 1503 ,
289 1418 347 1493 Ibi
379 1444 474 1518 saepe
502 1418 712 1494 observatur
738 1431 919 1519 punctum
942 1419 1089 1517 nigrum
1119 1419 1232 1492 oculis
1259 1420 1367 1493 nudis
1393 1449 1466 1495 non
1493 1423 1649 1496 visibile:
1679 1425 1748 1499 sub
1781 1437 1872 1510 apex.

208 1566 212 1574 ’
244 1543 479 1640 microscopio
492 1557 697 1640 aspectum,
715 1556 751 1616 et
773 1555 922 1613 auctum
940 1540 1128 1613 ducenties
1144 1554 1208 1612 aut
1229 1545 1437 1633 trecenties,
1461 1542 1552 1617 illud
1570 1560 1749 1643 punctum

242 1677 296 1739 est
323 1664 562 1763 angulosum,
592 1663 707 1739 veluti
728 1663 907 1753 solidum,
937 1664 1141 1760 superficiei
1172 1662 1362 1762 levigatae,
1390 1663 1557 1737 lucentis.
1586 1666 1677 1765 (fig.
1708 1671 1746 1740 2.

242 1787 320 1859 tob.
348 1787 395 1859 V
397 1784 483 1884 ΙΙ.)
517 1785 705 1858 Affirnrare
733 1798 855 1856 tamen
883 1809 956 1855 non
980 1809 1124 1881 possum
1151 1783 1229 1855 illas
1253 1785 1510 1884 appendiculas
1538 1812 1614 1860 esse
1643 1788 1747 1863 tubos

241 1921 306 1983 aut
332 1908 411 1981 illas
438 1908 635 2008 perforatas
664 1931 739 1979 esse
771 1907 925 1978 cavitate
958 1903 1127 2003 quidam.
1169 1894 1308 1979 Verum¹
1336 1906 1483 2006 quidem
1513 1922 1567 1981 est
1595 1909 1746 2008 liquoris

239 2029 422 2130 guttulam
440 2032 480 2102 in
498 2055 622 2103 earum
642 2031 744 2128 apice
760 2051 857 2126 saepe
877 2025 1032 2098 discerni
1052 2030 1249 2125 pracsertim
1271 2042 1351 2128 post
1367 2036 1524 2122 coitum,
1544 2029 1607 2103 sed
1623 2056 1744 2106 nonne

238 2150 300 2226 ille
320 2150 443 2251 liquor
459 2151 511 2225 ibi
528 2150 735 2247 adhaerebat
754 2152 838 2248 quia
863 2147 946 2221 fluit
968 2147 1171 2222 secundum
1194 2149 1347 2223 annulos
1370 2165 1408 2224 et
1430 2152 1658 2250 superficiem
1676 2177 1744 2226 ex-

238 2286 379 2349 ternam
399 2271 751 2372 appendicularum?
773 2271 905 2344 Nonne
928 2271 998 2342 dici
1021 2284 1139 2368 posset
1159 2271 1266 2344 illum
1290 2272 1469 2372 liquorem
1491 2297 1566 2346 esse
1590 2299 1741 2348 murum

240 2418 312 2495 quo
327 2394 514 2469 Lumbrici
534 2408 706 2468 coeuntes
726 2394 874 2465 omnino
892 2391 1153 2466 obducuntur?
1178 2393 1394 2493 Compressis
1411 2395 1659 2494 appendiculis
1675 2422 1742 2496 ge-

238 2515 494 2610 neratricibus,
512 2518 587 2591 vidi
604 2516 785 2616 guttulam
803 2539 1014 2614 augescere,
1036 2514 1097 2587 sed
1115 2540 1236 2587 nonne
1251 2515 1344 2590 illud
1359 2518 1626 2590 incrementum
1643 2518 1741 2590 orie·

236 2636 344 2712 batur
358 2663 407 2712 ex
424 2638 710 2711 transsudatione
732 2640 829 2712 muci
846 2665 919 2738 quo
938 2638 1154 2712 imbuuntur
1173 2640 1441 2739 appendicula,
1458 2653 1496 2713 et
1511 2640 1571 2713 cui
1587 2641 1752 2712 immer-‘

236 2771 375 2859 guntur
391 2757 546 2832 durante
558 2772 642 2832 actu
656 2756 921 2857 generationis?
939 2759 1067 2849 Quum
1084 2755 1192 2834 etiam
1211 2763 1433 2863 microscopii
1451 2787 1538 2861 ope,
1553 2761 1615 2834 ille
1627 2759 1737 2836 tubus

235 2879 325 2963 mihi
348 2906 422 2953 non
444 2881 631 2980 apparuit,
655 2879 701 2953 de
723 2878 801 2982 ejus
819 2880 1008 2967 existentia
1030 2880 1185 2956 dubium
1204 2909 1344 2959 moveo.

280 3002 340 3077 Ad
360 3003 474 3079 basim
498 3003 747 3104 appendicula
769 3003 841 3078 illae
863 3003 1055 3102 paululum
1080 3004 1223 3078 latiores
1241 3003 1419 3097 evadunt,
1439 3016 1483 3076 ut
1504 3028 1579 3077 sese
1603 3016 1733 3076 exten·
1768 3021 1855 3077 Basia.

234 3124 321 3199 dant
346 3138 385 3198 et
411 3125 604 3199 efforment
636 3125 826 3224 parvulam
857 3125 1038 3200 lamellam
1072 3129 1284 3201 circularem
1313 3129 1373 3200 cui
1408 3127 1630 3199 innituntur.
1666 3123 1733 3197 llla

234 3246 341 3342 basis,
361 3250 401 3321 ni
422 3248 547 3342 sallor,
569 3250 699 3321 intime
723 3248 879 3321 cohaeret
898 3274 983 3320 cum
1004 3249 1076 3321 tels
1094 3249 1257 3322 cellulari
1273 3248 1417 3321 densata
1441 3272 1484 3320 ex
1502 3248 1574 3346 qud
1593 3269 1733 3344 appen-

235 3366 364 3444 diculoe
383 3369 469 3469 ipsae
492 3381 774 3469 componuntur.
804 3368 880 3442 Hoc
900 3368 1025 3442 saltem
1047 3369 1249 3464 observavi,
1276 3367 1525 3470 appendiculis
1546 3366 1733 3440 maceratis
1763 3366 1841 3420 Tela.

234 3490 271 3564 ln
285 3489 381 3590 aquai
406 3492 604 3564 communi.

278 3613 417 3686 Earum
438 3612 536 3686 color
559 3637 703 3712 semper
725 3624 779 3685 est
797 3609 950 3686 albidus.
1762 3611 1853 3666 calor.

279 3735 460 3808 Accurate
487 3734 665 3808 clitellum
690 3731 830 3807 duabus
854 3733 1104 3831 appendiculis
1133 3735 1350 3808 instructum
1374 3731 1603 3823 dissecando,
1632 3730 1728 3806 visus
1760 3743 1928 3803 halationes.

232 3879 310 3931 sum
344 3854 467 3934 videre
495 3856 676 3930 filamenta
705 3881 751 3929 en
778 3855 849 3928 tela
874 3856 1017 3928 interni
1042 3855 1153 3956 hujus
1178 3858 1303 3955 organi
1330 3870 1427 3949 orta,
1461 3876 1584 3932 versus
1614 3851 1726 3926 basim

231 3975 552 4079 appendicularnm
574 3978 853 4077 progredientis.
876 3977 1047 4050 Attamen
1065 3976 1142 4051 haec
1161 3978 1301 4051 nullam
1323 4004 1408 4050 cum
1429 3975 1562 4050 clitello
1579 3972 1724 4046 relatio-

229 4122 331 4193 nem,
357 4111 492 4200 proeter
513 4100 742 4172 functionem
766 4101 931 4172 intimam
953 4100 1107 4192 habent,
1132 4125 1200 4173 nec
1218 4099 1331 4173 ullam
1358 4096 1722 4170 communicationem

228 4246 314 4298 cum
332 4224 513 4323 aperturis
533 4247 599 4297 seu
616 4222 776 4315 orificiis,
803 4221 1108 4323 quemadmodum
1132 4219 1324 4294 arbitratus
1341 4232 1419 4292 erat
1438 4217 1493 4291 Cl.
1508 4218 1721 4313 Montdgre.

273 4341 342 4417 Illa
374 4362 508 4444 organa
537 4343 729 4417 manifeste
764 4343 1014 4419 fecundationi
1048 4346 1276 4420 inserviunt:
1303 4340 1402 4441 (vid.
1431 4367 1510 4441 cap.
1545 4336 1721 4436 fecund.)
1753 4350 1834 4406 Usus.

223 4459 412 4538 Lumbrici
435 4463 590 4537 coeundi
612 4462 786 4538 facultate
809 4464 974 4565 prediti,
997 4466 1040 4538 iis
1059 4463 1124 4539 soli
1150 4467 1396 4539 instruuntur.
1740 4516 1743 4521 -

273 4582 427 4663 Nomai
449 4597 612 4686 tempore
634 4602 800 4663 amorum
819 4586 894 4662 illis
911 4585 1072 4689 gaudent
1090 4587 1232 4689 organis
1250 4583 1449 4662 Lumbrici.
1476 4580 1716 4683 Fugaaissima
