<?xml version="1.0" encoding="UTF-8"?>
<!DOCTYPE html PUBLIC "-//W3C//DTD XHTML 1.0 Transitional//EN"
    "http://www.w3.org/TR/xhtml1/DTD/xhtml1-transitional.dtd">
<html xmlns="http://www.w3.org/1999/xhtml" xml:lang="en" lang="en">
 <head>
  <title>
</title>
<meta http-equiv="Content-Type" content="text/html;charset=utf-8" />
  <meta name='ocr-system' content='tesseract 3.04.00' />
  <meta name='ocr-capabilities' content='ocr_page ocr_carea ocr_par ocr_line ocrx_word'/>
</head>
<body>
  <div class='ocr_page' id='page_1' title='image "./delumbriciterre00morrgoog_0172.png"; bbox 0 0 4244 5850; ppageno 0'>
   <div class='ocr_carea' id='block_1_1' title="bbox 1054 510 1207 609">
    <p class='ocr_par' dir='ltr' id='par_1_1' title="bbox 1054 510 1207 609">
     <span class='ocr_line' id='line_1_1' title="bbox 1054 510 1207 609; baseline 0.013 -3"><span class='ocrx_word' id='word_1_1' title='bbox 1054 510 1207 609; x_wconf 71' lang='lat'><strong>(¹⁴⁸)</strong></span> 
     </span>
    </p>
   </div>
   <div class='ocr_carea' id='block_1_2' title="bbox 592 781 1674 1054">
    <p class='ocr_par' dir='ltr' id='par_1_2' title="bbox 592 781 1674 1054">
     <span class='ocr_line' id='line_1_2' title="bbox 920 781 1464 874; baseline -0.011 -21"><span class='ocrx_word' id='word_1_2' title='bbox 920 781 1089 855; x_wconf 76' lang='lat' dir='ltr'><strong>sscuo</strong></span> <span class='ocrx_word' id='word_1_3' title='bbox 1137 783 1347 874; x_wconf 75' lang='lat' dir='ltr'><strong>ouium.</strong></span> <span class='ocrx_word' id='word_1_4' title='bbox 1458 838 1464 847; x_wconf 90' lang='lat'><strong>.</strong></span> 
     </span>
     <span class='ocr_line' id='line_1_3' title="bbox 592 976 1674 1054; baseline 0.001 -3"><span class='ocrx_word' id='word_1_5' title='bbox 592 976 1047 1051; x_wconf 78' lang='lat' dir='ltr'><strong>ArrAaArus</strong></span> <span class='ocrx_word' id='word_1_6' title='bbox 1103 978 1674 1054; x_wconf 76' lang='lat' dir='ltr'><strong>aasrraArrosrs</strong></span> 
     </span>
    </p>
   </div>
   <div class='ocr_carea' id='block_1_3' title="bbox 97 1172 1997 4756">
    <p class='ocr_par' dir='ltr' id='par_1_3' title="bbox 384 1172 1885 1631">
     <span class='ocr_line' id='line_1_4' title="bbox 434 1172 1882 1276; baseline 0.004 -31"><span class='ocrx_word' id='word_1_7' title='bbox 434 1174 566 1247; x_wconf 82' lang='lat' dir='ltr'><strong>Fusius</strong></span> <span class='ocrx_word' id='word_1_8' title='bbox 586 1174 661 1276; x_wconf 83' lang='lat' dir='ltr'><strong>jam</strong></span> <span class='ocrx_word' id='word_1_9' title='bbox 681 1174 942 1271; x_wconf 70' lang='lat' dir='ltr'>explicavimus</span> <span class='ocrx_word' id='word_1_10' title='bbox 960 1172 1107 1244; x_wconf 83' lang='lat' dir='ltr'><strong>modum</strong></span> <span class='ocrx_word' id='word_1_11' title='bbox 1129 1176 1370 1272; x_wconf 74' lang='lat' dir='ltr'><strong>respirationis</strong></span> <span class='ocrx_word' id='word_1_12' title='bbox 1389 1177 1428 1246; x_wconf 93' lang='lat' dir='ltr'><strong>in</strong></span> <span class='ocrx_word' id='word_1_13' title='bbox 1448 1175 1669 1267; x_wconf 88' lang='lat' dir='ltr'><strong>Lumbricis,</strong></span> <span class='ocrx_word' id='word_1_14' title='bbox 1692 1203 1811 1276; x_wconf 85' lang='lat' dir='ltr'><strong>quum</strong></span> <span class='ocrx_word' id='word_1_15' title='bbox 1830 1178 1882 1257; x_wconf 81' lang='lat' dir='ltr'><strong>de</strong></span> 
     </span>
     <span class='ocr_line' id='line_1_5' title="bbox 388 1291 1885 1394; baseline 0.005 -28"><span class='ocrx_word' id='word_1_16' title='bbox 388 1297 529 1394; x_wconf 71' lang='lat' dir='ltr'><strong>egenis</strong></span> <span class='ocrx_word' id='word_1_17' title='bbox 543 1295 785 1393; x_wconf 72' lang='lat' dir='ltr'><strong>respirationis</strong></span> <span class='ocrx_word' id='word_1_18' title='bbox 804 1291 1042 1366; x_wconf 78' lang='lat' dir='ltr'><strong>exterioribus</strong></span> <span class='ocrx_word' id='word_1_19' title='bbox 1053 1297 1213 1392; x_wconf 84' lang='lat' dir='ltr'><strong>egimus,</strong></span> <span class='ocrx_word' id='word_1_20' title='bbox 1230 1308 1268 1366; x_wconf 91' lang='lat' dir='ltr'><strong>et</strong></span> <span class='ocrx_word' id='word_1_21' title='bbox 1282 1293 1440 1367; x_wconf 89' lang='lat' dir='ltr'><strong>breviter</strong></span> <span class='ocrx_word' id='word_1_22' title='bbox 1456 1298 1689 1394; x_wconf 71' lang='lat' dir='ltr'><strong>exposuimus</strong></span> <span class='ocrx_word' id='word_1_23' title='bbox 1703 1296 1885 1373; x_wconf 70' lang='lat' dir='ltr'><strong>labriam</strong></span> 
     </span>
     <span class='ocr_line' id='line_1_6' title="bbox 385 1414 1882 1516; baseline 0.003 -28"><span class='ocrx_word' id='word_1_24' title='bbox 385 1441 602 1516; x_wconf 77' lang='lat' dir='ltr'><strong>oeganornm</strong></span> <span class='ocrx_word' id='word_1_25' title='bbox 620 1417 847 1487; x_wconf 89' lang='lat' dir='ltr'><strong>intemorum</strong></span> <span class='ocrx_word' id='word_1_26' title='bbox 868 1438 1069 1512; x_wconf 86' lang='lat' dir='ltr'><strong>eorumque</strong></span> <span class='ocrx_word' id='word_1_27' title='bbox 1091 1414 1312 1508; x_wconf 82' lang='lat' dir='ltr'><strong>functiones3</strong></span> <span class='ocrx_word' id='word_1_28' title='bbox 1334 1415 1385 1488; x_wconf 92' lang='lat' dir='ltr'><strong>ibi</strong></span> <span class='ocrx_word' id='word_1_29' title='bbox 1406 1416 1564 1489; x_wconf 78' lang='lat' dir='ltr'><strong>diximus</strong></span> <span class='ocrx_word' id='word_1_30' title='bbox 1580 1416 1792 1490; x_wconf 87' lang='lat' dir='ltr'><strong>Lumbrions</strong></span> <span class='ocrx_word' id='word_1_31' title='bbox 1807 1442 1882 1492; x_wconf 82' lang='lat' dir='ltr'><strong>uae</strong></span> 
     </span>
     <span class='ocr_line' id='line_1_7' title="bbox 384 1532 1137 1631; baseline -0.003 -23"><span class='ocrx_word' id='word_1_32' title='bbox 384 1532 567 1608; x_wconf 84' lang='lat' dir='ltr'><strong>branchiis</strong></span> <span class='ocrx_word' id='word_1_33' title='bbox 584 1559 654 1607; x_wconf 87' lang='lat' dir='ltr'><strong>nec</strong></span> <span class='ocrx_word' id='word_1_34' title='bbox 678 1534 841 1606; x_wconf 82' lang='lat' dir='ltr'><strong>tnebaeis</strong></span> <span class='ocrx_word' id='word_1_35' title='bbox 862 1558 938 1604; x_wconf 88' lang='lat' dir='ltr'><strong>esse</strong></span> <span class='ocrx_word' id='word_1_36' title='bbox 959 1534 1137 1631; x_wconf 79' lang='lat' dir='ltr'><strong>praeditos.</strong></span> 
     </span>
    </p>

    <p class='ocr_par' dir='ltr' id='par_1_4' title="bbox 97 1651 1997 4032">
     <span class='ocr_line' id='line_1_8' title="bbox 97 1651 1885 1755; baseline 0.001 -25"><span class='ocrx_word' id='word_1_37' title='bbox 97 1732 103 1741; x_wconf 74' lang='grc'><strong>,</strong></span> <span class='ocrx_word' id='word_1_38' title='bbox 162 1676 300 1755; x_wconf 59' lang='lat' dir='ltr'><strong>stupriq·</strong></span> <span class='ocrx_word' id='word_1_39' title='bbox 326 1673 370 1727; x_wconf 60' lang='lat' dir='ltr'><strong>tv</strong></span> <span class='ocrx_word' id='word_1_40' title='bbox 433 1653 567 1726; x_wconf 68' lang='lat' dir='ltr'><strong>Nullus</strong></span> <span class='ocrx_word' id='word_1_41' title='bbox 585 1666 690 1727; x_wconf 82' lang='lat' dir='ltr'><strong>setus</strong></span> <span class='ocrx_word' id='word_1_42' title='bbox 710 1652 931 1724; x_wconf 71' lang='lat' dir='ltr'><strong>anatomicis</strong></span> <span class='ocrx_word' id='word_1_43' title='bbox 950 1654 1123 1725; x_wconf 87' lang='lat' dir='ltr'><strong>rationem</strong></span> <span class='ocrx_word' id='word_1_44' title='bbox 1141 1651 1269 1726; x_wconf 88' lang='lat' dir='ltr'><strong>babuit</strong></span> <span class='ocrx_word' id='word_1_45' title='bbox 1283 1655 1381 1727; x_wconf 91' lang='lat' dir='ltr'><strong>modi</strong></span> <span class='ocrx_word' id='word_1_46' title='bbox 1396 1659 1638 1754; x_wconf 82' lang='lat' dir='ltr'><strong>respirationis</strong></span> <span class='ocrx_word' id='word_1_47' title='bbox 1651 1658 1782 1731; x_wconf 89' lang='lat' dir='ltr'><strong>borum</strong></span> <span class='ocrx_word' id='word_1_48' title='bbox 1796 1659 1885 1731; x_wconf 85' lang='lat' dir='ltr'><strong>aui·</strong></span> 
     </span>
     <span class='ocr_line' id='line_1_9' title="bbox 198 1754 1881 1875; baseline 0.002 -29"><span class='ocrx_word' id='word_1_49' title='bbox 198 1754 317 1797; x_wconf 54' lang='lat' dir='ltr'><strong>mm</strong></span> <span class='ocrx_word' id='word_1_50' title='bbox 386 1772 555 1865; x_wconf 70' lang='lat' dir='ltr'><strong>melium,</strong></span> <span class='ocrx_word' id='word_1_51' title='bbox 574 1786 613 1844; x_wconf 89' lang='lat' dir='ltr'><strong>et</strong></span> <span class='ocrx_word' id='word_1_52' title='bbox 626 1771 774 1872; x_wconf 87' lang='lat' dir='ltr'><strong>quidem</strong></span> <span class='ocrx_word' id='word_1_53' title='bbox 787 1776 867 1872; x_wconf 86' lang='lat' dir='ltr'><strong>ejus</strong></span> <span class='ocrx_word' id='word_1_54' title='bbox 880 1772 1077 1844; x_wconf 77' lang='lat' dir='ltr'><strong>functionis</strong></span> <span class='ocrx_word' id='word_1_55' title='bbox 1087 1773 1246 1847; x_wconf 90' lang='lat' dir='ltr'><strong>studium</strong></span> <span class='ocrx_word' id='word_1_56' title='bbox 1263 1778 1557 1849; x_wconf 81' lang='lat' dir='ltr'><strong>a&#39;recentioribus</strong></span> <span class='ocrx_word' id='word_1_57' title='bbox 1571 1777 1645 1850; x_wconf 84' lang='lat' dir='ltr'><strong>suit</strong></span> <span class='ocrx_word' id='word_1_58' title='bbox 1656 1778 1881 1875; x_wconf 81' lang='lat' dir='ltr'><strong>neglectum.</strong></span> 
     </span>
     <span class='ocr_line' id='line_1_10' title="bbox 385 1893 1885 1993; baseline 0.001 -26"><span class='ocrx_word' id='word_1_59' title='bbox 385 1893 463 1967; x_wconf 63' lang='lat' dir='ltr'><strong>(kl.</strong></span> <span class='ocrx_word' id='word_1_60' title='bbox 489 1895 645 1980; x_wconf 68' lang='lat' dir='ltr'><strong>Crevier,</strong></span> <span class='ocrx_word' id='word_1_61' title='bbox 669 1894 840 1988; x_wconf 71' lang='lat' dir='ltr'><strong>(Leporis</strong></span> <span class='ocrx_word' id='word_1_62' title='bbox 859 1893 1117 1967; x_wconf 76' lang='lat' dir='ltr'><strong>d&#39;Anatomie</strong></span> <span class='ocrx_word' id='word_1_63' title='bbox 1139 1902 1352 1991; x_wconf 70' lang='lat' dir='ltr'><strong>compares,</strong></span> <span class='ocrx_word' id='word_1_64' title='bbox 1379 1910 1465 1968; x_wconf 83' lang='lat' dir='ltr'><strong>lom.</strong></span> <span class='ocrx_word' id='word_1_65' title='bbox 1489 1898 1577 1969; x_wconf 90' lang='lat' dir='ltr'><strong>IV.</strong></span> <span class='ocrx_word' id='word_1_66' title='bbox 1592 1925 1636 1992; x_wconf 82' lang='lat' dir='ltr'><strong>p.</strong></span> <span class='ocrx_word' id='word_1_67' title='bbox 1657 1899 1773 1993; x_wconf 73' lang='grc'><strong>435.)</strong></span> <span class='ocrx_word' id='word_1_68' title='bbox 1791 1896 1885 1969; x_wconf 73' lang='lat' dir='ltr'><strong>didt</strong></span> 
     </span>
     <span class='ocr_line' id='line_1_11' title="bbox 384 2012 1884 2118; baseline 0.002 -30"><span class='ocrx_word' id='word_1_69' title='bbox 384 2012 598 2088; x_wconf 88' lang='lat' dir='ltr'><strong>Lumbrioos</strong></span> <span class='ocrx_word' id='word_1_70' title='bbox 619 2028 819 2105; x_wconf 82' lang='lat' dir='ltr'><strong>terrestres,</strong></span> <span class='ocrx_word' id='word_1_71' title='bbox 843 2014 1056 2106; x_wconf 82' lang='lat' dir='ltr'><strong>llirudinas,</strong></span> <span class='ocrx_word' id='word_1_72' title='bbox 1072 2031 1162 2107; x_wconf 74' lang='lat' dir='ltr'><strong>eto,</strong></span> <span class='ocrx_word' id='word_1_73' title='bbox 1185 2017 1283 2089; x_wconf 87' lang='lat' dir='ltr'><strong>nulla</strong></span> <span class='ocrx_word' id='word_1_74' title='bbox 1305 2018 1372 2090; x_wconf 88' lang='lat' dir='ltr'><strong>alia</strong></span> <span class='ocrx_word' id='word_1_75' title='bbox 1395 2021 1637 2116; x_wconf 81' lang='lat' dir='ltr'><strong>respirationis</strong></span> <span class='ocrx_word' id='word_1_76' title='bbox 1656 2045 1790 2118; x_wconf 82' lang='lat' dir='ltr'><strong>organa</strong></span> <span class='ocrx_word' id='word_1_77' title='bbox 1810 2017 1884 2091; x_wconf 76' lang='lat' dir='ltr'><strong>ln-</strong></span> 
     </span>
     <span class='ocr_line' id='line_1_12' title="bbox 385 2134 1882 2235; baseline 0.001 -25"><span class='ocrx_word' id='word_1_78' title='bbox 385 2134 472 2210; x_wconf 85' lang='lat' dir='ltr'><strong>bere</strong></span> <span class='ocrx_word' id='word_1_79' title='bbox 492 2160 601 2234; x_wconf 88' lang='lat' dir='ltr'><strong>qnam</strong></span> <span class='ocrx_word' id='word_1_80' title='bbox 622 2149 744 2208; x_wconf 87' lang='lat' dir='ltr'><strong>cutem</strong></span> <span class='ocrx_word' id='word_1_81' title='bbox 764 2147 802 2207; x_wconf 90' lang='lat' dir='ltr'><strong>et</strong></span> <span class='ocrx_word' id='word_1_82' title='bbox 817 2135 1010 2207; x_wconf 88' lang='lat' dir='ltr'><strong>reticulum</strong></span> <span class='ocrx_word' id='word_1_83' title='bbox 1033 2137 1216 2210; x_wconf 89' lang='lat' dir='ltr'><strong>vasculare</strong></span> <span class='ocrx_word' id='word_1_84' title='bbox 1234 2137 1331 2235; x_wconf 91' lang='lat' dir='ltr'><strong>quod</strong></span> <span class='ocrx_word' id='word_1_85' title='bbox 1352 2138 1400 2210; x_wconf 90' lang='lat' dir='ltr'><strong>ibi</strong></span> <span class='ocrx_word' id='word_1_86' title='bbox 1422 2139 1661 2212; x_wconf 87' lang='lat' dir='ltr'><strong>distribuitur.</strong></span> <span class='ocrx_word' id='word_1_87' title='bbox 1684 2139 1740 2212; x_wconf 87' lang='lat' dir='ltr'><strong>Cl.</strong></span> <span class='ocrx_word' id='word_1_88' title='bbox 1761 2141 1882 2211; x_wconf 71' lang='lat' dir='ltr'><strong>Mor·-</strong></span> 
     </span>
     <span class='ocr_line' id='line_1_13' title="bbox 385 2254 1886 2357; baseline 0.002 -29"><span class='ocrx_word' id='word_1_89' title='bbox 385 2258 490 2357; x_wconf 69' lang='lat' dir='ltr'><strong>tegre</strong></span> <span class='ocrx_word' id='word_1_90' title='bbox 504 2259 544 2329; x_wconf 87' lang='lat' dir='ltr'><strong>in</strong></span> <span class='ocrx_word' id='word_1_91' title='bbox 561 2255 626 2329; x_wconf 72' lang='lat' dir='ltr'><strong>sui</strong></span> <span class='ocrx_word' id='word_1_92' title='bbox 640 2254 885 2327; x_wconf 85' lang='lat' dir='ltr'><strong>dissertatione</strong></span> <span class='ocrx_word' id='word_1_93' title='bbox 900 2255 947 2328; x_wconf 90' lang='lat' dir='ltr'><strong>de</strong></span> <span class='ocrx_word' id='word_1_94' title='bbox 963 2255 1156 2327; x_wconf 88' lang='lat' dir='ltr'><strong>Lumbrico</strong></span> <span class='ocrx_word' id='word_1_95' title='bbox 1172 2281 1245 2325; x_wconf 90' lang='lat' dir='ltr'><strong>non</strong></span> <span class='ocrx_word' id='word_1_96' title='bbox 1261 2255 1307 2327; x_wconf 91' lang='lat' dir='ltr'><strong>de</strong></span> <span class='ocrx_word' id='word_1_97' title='bbox 1322 2258 1563 2354; x_wconf 83' lang='lat' dir='ltr'><strong>respirationis</strong></span> <span class='ocrx_word' id='word_1_98' title='bbox 1581 2261 1724 2355; x_wconf 78' lang='lat' dir='ltr'><strong>organis</strong></span> <span class='ocrx_word' id='word_1_99' title='bbox 1739 2260 1886 2357; x_wconf 75' lang='lat' dir='ltr'><strong>speda-</strong></span> 
     </span>
     <span class='ocr_line' id='line_1_14' title="bbox 384 2376 1997 2478; baseline -0.001 -28"><span class='ocrx_word' id='word_1_100' title='bbox 384 2376 452 2450; x_wconf 84' lang='lat' dir='ltr'><strong>ti&#39;m</strong></span> <span class='ocrx_word' id='word_1_101' title='bbox 471 2380 567 2478; x_wconf 85' lang='lat' dir='ltr'><strong>agit,</strong></span> <span class='ocrx_word' id='word_1_102' title='bbox 589 2403 658 2450; x_wconf 90' lang='lat' dir='ltr'><strong>nec</strong></span> <span class='ocrx_word' id='word_1_103' title='bbox 681 2378 790 2449; x_wconf 86' lang='lat' dir='ltr'><strong>etiam</strong></span> <span class='ocrx_word' id='word_1_104' title='bbox 813 2376 868 2448; x_wconf 87' lang='lat' dir='ltr'><strong>Cl.</strong></span> <span class='ocrx_word' id='word_1_105' title='bbox 887 2378 1040 2449; x_wconf 84' lang='lat' dir='ltr'><strong>Marcel</strong></span> <span class='ocrx_word' id='word_1_106' title='bbox 1053 2377 1099 2447; x_wconf 87' lang='lat' dir='ltr'><strong>de</strong></span> <span class='ocrx_word' id='word_1_107' title='bbox 1116 2378 1261 2460; x_wconf 87' lang='lat' dir='ltr'><strong>Serres,</strong></span> <span class='ocrx_word' id='word_1_108' title='bbox 1286 2377 1325 2447; x_wconf 91' lang='lat' dir='ltr'><strong>in</strong></span> <span class='ocrx_word' id='word_1_109' title='bbox 1348 2401 1456 2472; x_wconf 90' lang='lat' dir='ltr'><strong>opere</strong></span> <span class='ocrx_word' id='word_1_110' title='bbox 1473 2379 1534 2448; x_wconf 91' lang='lat' dir='ltr'><strong>cui</strong></span> <span class='ocrx_word' id='word_1_111' title='bbox 1557 2377 1705 2451; x_wconf 89' lang='lat' dir='ltr'><strong>titulus:</strong></span> <span class='ocrx_word' id='word_1_112' title='bbox 1728 2379 1883 2475; x_wconf 78' lang='lat' dir='ltr'><strong>Usagea</strong></span> <span class='ocrx_word' id='word_1_113' title='bbox 1994 2397 1997 2401; x_wconf 75' lang='grc'>’</span> 
     </span>
     <span class='ocr_line' id='line_1_15' title="bbox 385 2495 1885 2594; baseline -0.002 -24"><span class='ocrx_word' id='word_1_114' title='bbox 385 2498 440 2570; x_wconf 80' lang='lat' dir='ltr'><strong>du</strong></span> <span class='ocrx_word' id='word_1_115' title='bbox 462 2499 643 2571; x_wconf 77' lang='lat' dir='ltr'><strong>vaisseau</strong></span> <span class='ocrx_word' id='word_1_116' title='bbox 658 2498 791 2568; x_wconf 82' lang='lat' dir='ltr'><strong>doraal</strong></span> <span class='ocrx_word' id='word_1_117' title='bbox 804 2523 855 2566; x_wconf 84' lang='lat' dir='ltr'><strong>ou</strong></span> <span class='ocrx_word' id='word_1_118' title='bbox 875 2522 943 2566; x_wconf 86' lang='lat' dir='ltr'><strong>sur</strong></span> <span class='ocrx_word' id='word_1_119' title='bbox 960 2495 1174 2591; x_wconf 83' lang='lat' dir='ltr'><strong>l’influence</strong></span> <span class='ocrx_word' id='word_1_120' title='bbox 1195 2521 1270 2590; x_wconf 81' lang='lat' dir='ltr'><strong>que</strong></span> <span class='ocrx_word' id='word_1_121' title='bbox 1292 2496 1329 2565; x_wconf 87' lang='lat' dir='ltr'><strong>le</strong></span> <span class='ocrx_word' id='word_1_122' title='bbox 1348 2521 1593 2568; x_wconf 76' lang='lat' dir='ltr'><strong>coeureserce</strong></span> <span class='ocrx_word' id='word_1_123' title='bbox 1613 2497 1710 2568; x_wconf 83' lang='lat' dir='ltr'><strong>dans</strong></span> <span class='ocrx_word' id='word_1_124' title='bbox 1735 2496 1885 2594; x_wconf 56' lang='lat' dir='ltr'><strong>Pergo,</strong></span> 
     </span>
     <span class='ocr_line' id='line_1_16' title="bbox 384 2612 1884 2714; baseline -0.001 -25"><span class='ocrx_word' id='word_1_125' title='bbox 384 2619 554 2689; x_wconf 72' lang='lat' dir='ltr'><strong>nication</strong></span> <span class='ocrx_word' id='word_1_126' title='bbox 568 2617 635 2689; x_wconf 81' lang='lat' dir='ltr'><strong>des</strong></span> <span class='ocrx_word' id='word_1_127' title='bbox 650 2619 835 2687; x_wconf 76' lang='lat' dir='ltr'><strong>animans</strong></span> <span class='ocrx_word' id='word_1_128' title='bbox 851 2617 1031 2686; x_wconf 70' lang='lat' dir='ltr'><strong>articulds</strong></span> <span class='ocrx_word' id='word_1_129' title='bbox 1037 2666 1052 2699; x_wconf 89' lang='lat'><em>,</em></span> <span class='ocrx_word' id='word_1_130' title='bbox 1069 2628 1139 2686; x_wconf 85' lang='lat' dir='ltr'><strong>etc.</strong></span> <span class='ocrx_word' id='word_1_131' title='bbox 1152 2612 1291 2708; x_wconf 68' lang='lat' dir='ltr'><strong>(Mem.</strong></span> <span class='ocrx_word' id='word_1_132' title='bbox 1308 2614 1358 2684; x_wconf 85' lang='lat' dir='ltr'><strong>du</strong></span> <span class='ocrx_word' id='word_1_133' title='bbox 1372 2617 1481 2686; x_wconf 82' lang='lat' dir='ltr'><strong>Mus.</strong></span> <span class='ocrx_word' id='word_1_134' title='bbox 1498 2615 1629 2688; x_wconf 79' lang='lat' dir='ltr'><strong>d’lrr&#39;st.</strong></span> <span class='ocrx_word' id='word_1_135' title='bbox 1643 2630 1725 2687; x_wconf 80' lang='lat' dir='ltr'><strong>nat.</strong></span> <span class='ocrx_word' id='word_1_136' title='bbox 1732 2665 1747 2701; x_wconf 87' lang='lat'><em>,</em></span> <span class='ocrx_word' id='word_1_137' title='bbox 1761 2629 1792 2687; x_wconf 79' lang='lat' dir='ltr'><strong>t.</strong></span> <span class='ocrx_word' id='word_1_138' title='bbox 1803 2616 1884 2714; x_wconf 89' lang='lat' dir='ltr'><strong>V.)</strong></span> 
     </span>
     <span class='ocr_line' id='line_1_17' title="bbox 386 2735 1883 2834; baseline -0.001 -25"><span class='ocrx_word' id='word_1_139' title='bbox 386 2735 443 2809; x_wconf 86' lang='lat' dir='ltr'><strong>Cl.</strong></span> <span class='ocrx_word' id='word_1_140' title='bbox 458 2739 622 2822; x_wconf 82' lang='lat' dir='ltr'><strong>Homio,</strong></span> <span class='ocrx_word' id='word_1_141' title='bbox 642 2738 680 2807; x_wconf 93' lang='lat' dir='ltr'><strong>ni</strong></span> <span class='ocrx_word' id='word_1_142' title='bbox 702 2735 824 2825; x_wconf 80' lang='lat' dir='ltr'><strong>fallor,</strong></span> <span class='ocrx_word' id='word_1_143' title='bbox 840 2760 1056 2832; x_wconf 83' lang='lat' dir='ltr'><strong>organorum</strong></span> <span class='ocrx_word' id='word_1_144' title='bbox 1075 2736 1316 2832; x_wconf 86' lang='lat' dir='ltr'><strong>respirationis</strong></span> <span class='ocrx_word' id='word_1_145' title='bbox 1333 2761 1414 2807; x_wconf 86' lang='lat' dir='ltr'><strong>vera</strong></span> <span class='ocrx_word' id='word_1_146' title='bbox 1433 2737 1594 2808; x_wconf 88' lang='lat' dir='ltr'><strong>inventio</strong></span> <span class='ocrx_word' id='word_1_147' title='bbox 1610 2736 1781 2823; x_wconf 88' lang='lat' dir='ltr'><strong>debetur,</strong></span> <span class='ocrx_word' id='word_1_148' title='bbox 1796 2758 1883 2834; x_wconf 74' lang='grc' dir='ltr'><strong>φιι·</strong></span> 
     </span>
     <span class='ocr_line' id='line_1_18' title="bbox 386 2853 1882 2959; baseline -0.003 -26"><span class='ocrx_word' id='word_1_149' title='bbox 386 2860 546 2959; x_wconf 88' lang='lat' dir='ltr'><strong>primum</strong></span> <span class='ocrx_word' id='word_1_150' title='bbox 562 2860 745 2958; x_wconf 87' lang='lat' dir='ltr'><strong>reperitur</strong></span> <span class='ocrx_word' id='word_1_151' title='bbox 756 2856 930 2955; x_wconf 81' lang='lat' dir='ltr'><strong>explicata</strong></span> <span class='ocrx_word' id='word_1_152' title='bbox 942 2858 980 2927; x_wconf 90' lang='lat' dir='ltr'><strong>in</strong></span> <span class='ocrx_word' id='word_1_153' title='bbox 993 2854 1309 2928; x_wconf 86' lang='lat' dir='ltr'><strong>Transactiouibus</strong></span> <span class='ocrx_word' id='word_1_154' title='bbox 1319 2855 1572 2954; x_wconf 86' lang='lat' dir='ltr'><strong>philosophicis</strong></span> <span class='ocrx_word' id='word_1_155' title='bbox 1584 2859 1670 2927; x_wconf 89' lang='lat' dir='ltr'><strong>anni</strong></span> <span class='ocrx_word' id='word_1_156' title='bbox 1684 2859 1794 2933; x_wconf 72' lang='lat'>1817.</span> <span class='ocrx_word' id='word_1_157' title='bbox 1807 2853 1882 2929; x_wconf 84' lang='lat' dir='ltr'><strong>Sed</strong></span> 
     </span>
     <span class='ocr_line' id='line_1_19' title="bbox 384 2974 1883 3077; baseline -0.004 -24"><span class='ocrx_word' id='word_1_158' title='bbox 384 2978 478 3053; x_wconf 81' lang='lat' dir='ltr'><strong>nibil</strong></span> <span class='ocrx_word' id='word_1_159' title='bbox 503 2981 616 3077; x_wconf 79' lang='lat' dir='ltr'><strong>nugis</strong></span> <span class='ocrx_word' id='word_1_160' title='bbox 637 2978 787 3051; x_wconf 84' lang='lat' dir='ltr'><strong>miratus</strong></span> <span class='ocrx_word' id='word_1_161' title='bbox 807 3001 889 3049; x_wconf 88' lang='lat' dir='ltr'><strong>sum</strong></span> <span class='ocrx_word' id='word_1_162' title='bbox 907 3001 1016 3074; x_wconf 87' lang='lat' dir='ltr'><strong>quam</strong></span> <span class='ocrx_word' id='word_1_163' title='bbox 1043 2974 1276 3049; x_wconf 85' lang='lat' dir='ltr'><strong>mobilitatem</strong></span> <span class='ocrx_word' id='word_1_164' title='bbox 1294 2977 1506 3074; x_wconf 90' lang='lat' dir='ltr'><strong>opinionum</strong></span> <span class='ocrx_word' id='word_1_165' title='bbox 1524 2975 1635 3075; x_wconf 85' lang='lat' dir='ltr'><strong>hujus</strong></span> <span class='ocrx_word' id='word_1_166' title='bbox 1655 2975 1883 3048; x_wconf 74' lang='lat' dir='ltr'><strong>celeberrimi</strong></span> 
     </span>
     <span class='ocr_line' id='line_1_20' title="bbox 384 3094 1884 3197; baseline -0.005 -23"><span class='ocrx_word' id='word_1_167' title='bbox 384 3101 592 3190; x_wconf 77' lang='lat' dir='ltr'><strong>anatomici,</strong></span> <span class='ocrx_word' id='word_1_168' title='bbox 608 3099 726 3197; x_wconf 88' lang='lat' dir='ltr'><strong>quoad</strong></span> <span class='ocrx_word' id='word_1_169' title='bbox 743 3097 1018 3195; x_wconf 66' lang='lat' dir='ltr'><strong>explicationem</strong></span> <span class='ocrx_word' id='word_1_170' title='bbox 1034 3095 1266 3169; x_wconf 84' lang='lat' dir='ltr'><strong>functionum</strong></span> <span class='ocrx_word' id='word_1_171' title='bbox 1286 3095 1524 3169; x_wconf 84' lang='lat' dir='ltr'><strong>vesicularum</strong></span> <span class='ocrx_word' id='word_1_172' title='bbox 1536 3100 1736 3168; x_wconf 66' lang='lat' dir='ltr'><strong>aerearum.</strong></span> <span class='ocrx_word' id='word_1_173' title='bbox 1746 3096 1790 3166; x_wconf 91' lang='lat' dir='ltr'><strong>ln</strong></span> <span class='ocrx_word' id='word_1_174' title='bbox 1804 3094 1884 3167; x_wconf 80' lang='lat' dir='ltr'><strong>dia·</strong></span> 
     </span>
     <span class='ocr_line' id='line_1_21' title="bbox 385 3215 1888 3314; baseline -0.002 -22"><span class='ocrx_word' id='word_1_175' title='bbox 385 3222 577 3293; x_wconf 85' lang='lat' dir='ltr'><strong>sertatioue</strong></span> <span class='ocrx_word' id='word_1_176' title='bbox 589 3218 751 3307; x_wconf 87' lang='lat' dir='ltr'><strong>laudata,</strong></span> <span class='ocrx_word' id='word_1_177' title='bbox 773 3230 898 3288; x_wconf 90' lang='lat' dir='ltr'><strong>auctor</strong></span> <span class='ocrx_word' id='word_1_178' title='bbox 910 3230 1081 3314; x_wconf 86' lang='lat' dir='ltr'><strong>tanquam</strong></span> <span class='ocrx_word' id='word_1_179' title='bbox 1104 3216 1207 3287; x_wconf 88' lang='lat' dir='ltr'><strong>tales:</strong></span> <span class='ocrx_word' id='word_1_180' title='bbox 1228 3217 1267 3288; x_wconf 93' lang='lat' dir='ltr'><strong>id</strong></span> <span class='ocrx_word' id='word_1_181' title='bbox 1287 3230 1358 3306; x_wconf 87' lang='lat' dir='ltr'><strong>est,</strong></span> <span class='ocrx_word' id='word_1_182' title='bbox 1375 3229 1549 3314; x_wconf 87' lang='lat' dir='ltr'><strong>tauquam</strong></span> <span class='ocrx_word' id='word_1_183' title='bbox 1571 3215 1745 3288; x_wconf 80' lang='lat' dir='ltr'><strong>vesiculas</strong></span> <span class='ocrx_word' id='word_1_184' title='bbox 1759 3218 1888 3289; x_wconf 65' lang='lat' dir='ltr'><strong>aerem</strong></span> 
     </span>
     <span class='ocr_line' id='line_1_22' title="bbox 384 3332 1883 3433; baseline -0.001 -22"><span class='ocrx_word' id='word_1_185' title='bbox 384 3336 581 3427; x_wconf 76' lang='lat' dir='ltr'><strong>lubuerat3</strong></span> <span class='ocrx_word' id='word_1_186' title='bbox 608 3337 670 3409; x_wconf 88' lang='lat' dir='ltr'><strong>sed</strong></span> <span class='ocrx_word' id='word_1_187' title='bbox 691 3339 731 3407; x_wconf 91' lang='lat' dir='ltr'><strong>iu</strong></span> <span class='ocrx_word' id='word_1_188' title='bbox 752 3334 909 3407; x_wconf 71' lang='lat' dir='ltr'><strong>secunda</strong></span> <span class='ocrx_word' id='word_1_189' title='bbox 932 3335 1176 3407; x_wconf 85' lang='lat' dir='ltr'><strong>dissertatione</strong></span> <span class='ocrx_word' id='word_1_190' title='bbox 1203 3335 1250 3407; x_wconf 91' lang='lat' dir='ltr'><strong>de</strong></span> <span class='ocrx_word' id='word_1_191' title='bbox 1270 3337 1412 3432; x_wconf 90' lang='lat' dir='ltr'><strong>organis</strong></span> <span class='ocrx_word' id='word_1_192' title='bbox 1431 3336 1670 3433; x_wconf 87' lang='lat' dir='ltr'><strong>generationis</strong></span> <span class='ocrx_word' id='word_1_193' title='bbox 1695 3332 1883 3409; x_wconf 79' lang='lat' dir='ltr'><strong>Lumbrioi</strong></span> 
     </span>
     <span class='ocr_line' id='line_1_23' title="bbox 385 3453 1884 3553; baseline -0.003 -24"><span class='ocrx_word' id='word_1_194' title='bbox 385 3469 425 3533; x_wconf 86' lang='lat' dir='ltr'><strong>et</strong></span> <span class='ocrx_word' id='word_1_195' title='bbox 439 3457 591 3529; x_wconf 90' lang='lat' dir='ltr'><strong>aliorum</strong></span> <span class='ocrx_word' id='word_1_196' title='bbox 610 3455 839 3541; x_wconf 86' lang='lat' dir='ltr'><strong>animalium,</strong></span> <span class='ocrx_word' id='word_1_197' title='bbox 862 3478 921 3525; x_wconf 86' lang='lat' dir='ltr'><strong>eas</strong></span> <span class='ocrx_word' id='word_1_198' title='bbox 943 3453 1050 3525; x_wconf 90' lang='lat' dir='ltr'><strong>habet</strong></span> <span class='ocrx_word' id='word_1_199' title='bbox 1070 3469 1240 3552; x_wconf 87' lang='lat' dir='ltr'><strong>tanquam</strong></span> <span class='ocrx_word' id='word_1_200' title='bbox 1260 3455 1432 3527; x_wconf 88' lang='lat' dir='ltr'><strong>vesiculas</strong></span> <span class='ocrx_word' id='word_1_201' title='bbox 1448 3455 1640 3527; x_wconf 84' lang='lat' dir='ltr'><strong>destinatas</strong></span> <span class='ocrx_word' id='word_1_202' title='bbox 1660 3454 1705 3527; x_wconf 85' lang='lat' dir='ltr'><strong>ad</strong></span> <span class='ocrx_word' id='word_1_203' title='bbox 1721 3453 1884 3553; x_wconf 68' lang='lat' dir='ltr'><strong>juniores</strong></span> 
     </span>
     <span class='ocr_line' id='line_1_24' title="bbox 385 3572 1888 3670; baseline -0.003 -20"><span class='ocrx_word' id='word_1_204' title='bbox 385 3590 426 3651; x_wconf 84' lang='lat' dir='ltr'><strong>et</strong></span> <span class='ocrx_word' id='word_1_205' title='bbox 445 3602 512 3649; x_wconf 81' lang='lat' dir='ltr'><strong>ova</strong></span> <span class='ocrx_word' id='word_1_206' title='bbox 537 3574 773 3664; x_wconf 81' lang='lat' dir='ltr'><strong>continenda,</strong></span> <span class='ocrx_word' id='word_1_207' title='bbox 800 3598 869 3645; x_wconf 86' lang='lat' dir='ltr'><strong>neo</strong></span> <span class='ocrx_word' id='word_1_208' title='bbox 890 3572 1075 3646; x_wconf 90' lang='lat' dir='ltr'><strong>ullomodo</strong></span> <span class='ocrx_word' id='word_1_209' title='bbox 1094 3575 1318 3670; x_wconf 86' lang='lat' dir='ltr'><strong>respirationi</strong></span> <span class='ocrx_word' id='word_1_210' title='bbox 1339 3575 1586 3647; x_wconf 82' lang='lat' dir='ltr'><strong>inservientes.</strong></span> <span class='ocrx_word' id='word_1_211' title='bbox 1612 3575 1710 3648; x_wconf 84' lang='lat' dir='ltr'><strong>lulra</strong></span> <span class='ocrx_word' id='word_1_212' title='bbox 1737 3572 1888 3647; x_wconf 73' lang='lat' dir='ltr'><strong>v&#39;ideln&#39;-.</strong></span> 
     </span>
     <span class='ocr_line' id='line_1_25' title="bbox 385 3693 1878 3796; baseline -0.004 -23"><span class='ocrx_word' id='word_1_213' title='bbox 385 3724 470 3773; x_wconf 84' lang='lat' dir='ltr'><strong>mus</strong></span> <span class='ocrx_word' id='word_1_214' title='bbox 487 3710 621 3796; x_wconf 83' lang='lat' dir='ltr'><strong>quanta</strong></span> <span class='ocrx_word' id='word_1_215' title='bbox 645 3708 683 3768; x_wconf 91' lang='lat' dir='ltr'><strong>et</strong></span> <span class='ocrx_word' id='word_1_216' title='bbox 708 3721 816 3793; x_wconf 82' lang='lat' dir='ltr'><strong>quarn</strong></span> <span class='ocrx_word' id='word_1_217' title='bbox 840 3693 1030 3793; x_wconf 90' lang='lat' dir='ltr'><strong>singularis</strong></span> <span class='ocrx_word' id='word_1_218' title='bbox 1052 3697 1099 3766; x_wconf 88' lang='lat' dir='ltr'><strong>sit</strong></span> <span class='ocrx_word' id='word_1_219' title='bbox 1120 3694 1179 3766; x_wconf 87' lang='lat' dir='ltr'><strong>illa</strong></span> <span class='ocrx_word' id='word_1_220' title='bbox 1206 3693 1450 3767; x_wconf 84' lang='lat' dir='ltr'><strong>contradictio.</strong></span> <span class='ocrx_word' id='word_1_221' title='bbox 1477 3695 1562 3765; x_wconf 85' lang='lat' dir='ltr'><strong>Post</strong></span> <span class='ocrx_word' id='word_1_222' title='bbox 1587 3693 1643 3765; x_wconf 87' lang='lat' dir='ltr'><strong>Cl.</strong></span> <span class='ocrx_word' id='word_1_223' title='bbox 1666 3694 1878 3779; x_wconf 63' lang='lat' dir='ltr'><strong>Homini»,</strong></span> 
     </span>
     <span class='ocr_line' id='line_1_26' title="bbox 385 3811 1885 3913; baseline -0.007 -20"><span class='ocrx_word' id='word_1_224' title='bbox 385 3816 441 3893; x_wconf 65' lang='grc' dir='ltr'><strong>(ΣΙ.</strong></span> <span class='ocrx_word' id='word_1_225' title='bbox 468 3817 589 3889; x_wconf 75' lang='lat' dir='ltr'><strong>Curua</strong></span> <span class='ocrx_word' id='word_1_226' title='bbox 610 3817 745 3913; x_wconf 85' lang='lat' dir='ltr'><strong>optime</strong></span> <span class='ocrx_word' id='word_1_227' title='bbox 760 3816 836 3912; x_wconf 88' lang='lat' dir='ltr'><strong>egit</strong></span> <span class='ocrx_word' id='word_1_228' title='bbox 851 3813 896 3885; x_wconf 91' lang='lat' dir='ltr'><strong>de</strong></span> <span class='ocrx_word' id='word_1_229' title='bbox 919 3816 1061 3911; x_wconf 88' lang='lat' dir='ltr'><strong>organis</strong></span> <span class='ocrx_word' id='word_1_230' title='bbox 1081 3814 1330 3909; x_wconf 78' lang='lat' dir='ltr'><strong>respiraturus,</strong></span> <span class='ocrx_word' id='word_1_231' title='bbox 1352 3812 1512 3909; x_wconf 81' lang='lat' dir='ltr'><strong>exceptis</strong></span> <span class='ocrx_word' id='word_1_232' title='bbox 1527 3811 1740 3909; x_wconf 84' lang='lat' dir='ltr'><strong>quibusdam</strong></span> <span class='ocrx_word' id='word_1_233' title='bbox 1764 3834 1885 3911; x_wconf 80' lang='lat' dir='ltr'><strong>gene-</strong></span> 
     </span>
     <span class='ocr_line' id='line_1_27' title="bbox 385 3930 1633 4032; baseline -0.01 -21"><span class='ocrx_word' id='word_1_234' title='bbox 385 3934 576 4011; x_wconf 84' lang='lat' dir='ltr'><strong>ralioribus</strong></span> <span class='ocrx_word' id='word_1_235' title='bbox 596 3934 791 4007; x_wconf 78' lang='lat' dir='ltr'><strong>olservatis</strong></span> <span class='ocrx_word' id='word_1_236' title='bbox 811 3960 893 4032; x_wconf 80' lang='lat' dir='ltr'><strong>quae</strong></span> <span class='ocrx_word' id='word_1_237' title='bbox 910 3934 1011 4009; x_wconf 86' lang='lat' dir='ltr'><strong>nobis</strong></span> <span class='ocrx_word' id='word_1_238' title='bbox 1030 3932 1222 4029; x_wconf 81' lang='lat' dir='ltr'><strong>paululum</strong></span> <span class='ocrx_word' id='word_1_239' title='bbox 1245 3930 1431 4003; x_wconf 84' lang='lat' dir='ltr'><strong>arbitraria</strong></span> <span class='ocrx_word' id='word_1_240' title='bbox 1451 3930 1633 4004; x_wconf 84' lang='lat' dir='ltr'><strong>videntur.</strong></span> 
     </span>
    </p>

    <p class='ocr_par' dir='ltr' id='par_1_5' title="bbox 385 4050 1887 4515">
     <span class='ocr_line' id='line_1_28' title="bbox 435 4050 1882 4153; baseline -0.003 -24"><span class='ocrx_word' id='word_1_241' title='bbox 435 4058 479 4129; x_wconf 85' lang='lat' dir='ltr'><strong>lu</strong></span> <span class='ocrx_word' id='word_1_242' title='bbox 495 4053 731 4153; x_wconf 83' lang='lat' dir='ltr'><strong>seqrrcotibus</strong></span> <span class='ocrx_word' id='word_1_243' title='bbox 747 4078 895 4149; x_wconf 85' lang='lat' dir='ltr'><strong>agemus</strong></span> <span class='ocrx_word' id='word_1_244' title='bbox 915 4052 960 4125; x_wconf 91' lang='lat' dir='ltr'><strong>de</strong></span> <span class='ocrx_word' id='word_1_245' title='bbox 978 4052 1141 4125; x_wconf 81' lang='lat' dir='ltr'><strong>vesiculis</strong></span> <span class='ocrx_word' id='word_1_246' title='bbox 1157 4053 1286 4140; x_wconf 67' lang='lat' dir='ltr'><strong>aereis,</strong></span> <span class='ocrx_word' id='word_1_247' title='bbox 1303 4066 1473 4150; x_wconf 87' lang='lat' dir='ltr'><strong>tauquam</strong></span> <span class='ocrx_word' id='word_1_248' title='bbox 1489 4054 1597 4124; x_wconf 75' lang='lat' dir='ltr'><strong>urtice</strong></span> <span class='ocrx_word' id='word_1_249' title='bbox 1615 4050 1882 4149; x_wconf 82' lang='lat' dir='ltr'><strong>pertinentibus</strong></span> 
     </span>
     <span class='ocr_line' id='line_1_29' title="bbox 385 4169 1887 4275; baseline -0.004 -26"><span class='ocrx_word' id='word_1_250' title='bbox 385 4174 431 4249; x_wconf 80' lang='lat' dir='ltr'><strong>ad</strong></span> <span class='ocrx_word' id='word_1_251' title='bbox 455 4176 723 4275; x_wconf 83' lang='lat' dir='ltr'><strong>respirationem</strong></span> <span class='ocrx_word' id='word_1_252' title='bbox 748 4178 823 4246; x_wconf 84' lang='lat' dir='ltr'><strong>sive</strong></span> <span class='ocrx_word' id='word_1_253' title='bbox 849 4173 894 4245; x_wconf 90' lang='lat' dir='ltr'><strong>ad</strong></span> <span class='ocrx_word' id='word_1_254' title='bbox 917 4175 1134 4246; x_wconf 69' lang='lat' dir='ltr'><strong>serationem</strong></span> <span class='ocrx_word' id='word_1_255' title='bbox 1156 4174 1359 4270; x_wconf 88' lang='lat' dir='ltr'><strong>sanguinis,</strong></span> <span class='ocrx_word' id='word_1_256' title='bbox 1391 4171 1491 4245; x_wconf 72' lang='lat' dir='ltr'><strong>nulli</strong></span> <span class='ocrx_word' id='word_1_257' title='bbox 1519 4174 1655 4244; x_wconf 88' lang='lat' dir='ltr'><strong>ratione</strong></span> <span class='ocrx_word' id='word_1_258' title='bbox 1687 4170 1810 4243; x_wconf 72' lang='lat' dir='ltr'><strong>habiit</strong></span> <span class='ocrx_word' id='word_1_259' title='bbox 1831 4169 1887 4247; x_wconf 76' lang='lat' dir='ltr'><strong>ad</strong></span> 
     </span>
     <span class='ocr_line' id='line_1_30' title="bbox 385 4291 1883 4394; baseline -0.003 -25"><span class='ocrx_word' id='word_1_260' title='bbox 385 4320 443 4369; x_wconf 82' lang='lat' dir='ltr'><strong>res</strong></span> <span class='ocrx_word' id='word_1_261' title='bbox 466 4296 622 4369; x_wconf 79' lang='lat' dir='ltr'><strong>diversas</strong></span> <span class='ocrx_word' id='word_1_262' title='bbox 647 4319 736 4392; x_wconf 83' lang='lat' dir='ltr'><strong>quas</strong></span> <span class='ocrx_word' id='word_1_263' title='bbox 762 4293 1072 4393; x_wconf 85' lang='lat' dir='ltr'><strong>complectuntur,</strong></span> <span class='ocrx_word' id='word_1_264' title='bbox 1098 4293 1234 4366; x_wconf 89' lang='lat' dir='ltr'><strong>scilicet</strong></span> <span class='ocrx_word' id='word_1_265' title='bbox 1256 4293 1301 4365; x_wconf 90' lang='lat' dir='ltr'><strong>ad</strong></span> <span class='ocrx_word' id='word_1_266' title='bbox 1323 4291 1491 4394; x_wconf 89' lang='lat' dir='ltr'><strong>parvulos</strong></span> <span class='ocrx_word' id='word_1_267' title='bbox 1515 4291 1667 4365; x_wconf 72' lang='lat' dir='ltr'><strong>Ver-mes</strong></span> <span class='ocrx_word' id='word_1_268' title='bbox 1692 4293 1883 4365; x_wconf 83' lang='lat' dir='ltr'><strong>intestinos</strong></span> 
     </span>
     <span class='ocr_line' id='line_1_31' title="bbox 385 4415 1122 4515; baseline -0.007 -25"><span class='ocrx_word' id='word_1_269' title='bbox 385 4421 449 4515; x_wconf 84' lang='lat' dir='ltr'><strong>qui</strong></span> <span class='ocrx_word' id='word_1_270' title='bbox 471 4418 602 4491; x_wconf 84' lang='lat' dir='ltr'><strong>ibidem</strong></span> <span class='ocrx_word' id='word_1_271' title='bbox 626 4416 765 4488; x_wconf 79' lang='lat' dir='ltr'><strong>iulirritir</strong></span> <span class='ocrx_word' id='word_1_272' title='bbox 789 4415 889 4512; x_wconf 79' lang='lat' dir='ltr'><strong>cupii</strong></span> <span class='ocrx_word' id='word_1_273' title='bbox 912 4427 1122 4486; x_wconf 85' lang='lat' dir='ltr'><strong>occurrunt.</strong></span> 
     </span>
    </p>

    <p class='ocr_par' dir='ltr' id='par_1_6' title="bbox 386 4532 1882 4756">
     <span class='ocr_line' id='line_1_32' title="bbox 433 4532 1882 4634; baseline -0.003 -28"><span class='ocrx_word' id='word_1_274' title='bbox 433 4536 583 4609; x_wconf 84' lang='lat' dir='ltr'><strong>Silcrrtio</strong></span> <span class='ocrx_word' id='word_1_275' title='bbox 611 4534 877 4634; x_wconf 74' lang='lat' dir='ltr'><strong>preteribimus</strong></span> <span class='ocrx_word' id='word_1_276' title='bbox 903 4532 1064 4606; x_wconf 86' lang='lat' dir='ltr'><strong>studium</strong></span> <span class='ocrx_word' id='word_1_277' title='bbox 1091 4558 1262 4630; x_wconf 86' lang='lat' dir='ltr'><strong>purorum</strong></span> <span class='ocrx_word' id='word_1_278' title='bbox 1290 4533 1366 4609; x_wconf 88' lang='lat' dir='ltr'><strong>sive</strong></span> <span class='ocrx_word' id='word_1_279' title='bbox 1393 4557 1609 4630; x_wconf 87' lang='lat' dir='ltr'><strong>organorum</strong></span> <span class='ocrx_word' id='word_1_280' title='bbox 1636 4532 1882 4631; x_wconf 79' lang='lat' dir='ltr'><strong>respirationis</strong></span> 
     </span>
     <span class='ocr_line' id='line_1_33' title="bbox 386 4651 1303 4756; baseline -0.005 -27"><span class='ocrx_word' id='word_1_281' title='bbox 386 4669 637 4751; x_wconf 60' lang='lat' dir='ltr'><strong>externorum</strong></span> <span class='ocrx_word' id='word_1_282' title='bbox 660 4656 707 4731; x_wconf 90' lang='lat' dir='ltr'><strong>de</strong></span> <span class='ocrx_word' id='word_1_283' title='bbox 732 4654 787 4729; x_wconf 87' lang='lat' dir='ltr'><strong>bia</strong></span> <span class='ocrx_word' id='word_1_284' title='bbox 808 4654 906 4729; x_wconf 85' lang='lat' dir='ltr'><strong>enim</strong></span> <span class='ocrx_word' id='word_1_285' title='bbox 926 4651 1000 4756; x_wconf 89' lang='lat' dir='ltr'><strong>jam</strong></span> <span class='ocrx_word' id='word_1_286' title='bbox 1019 4656 1157 4731; x_wconf 84' lang='lat' dir='ltr'><strong>suimus</strong></span> <span class='ocrx_word' id='word_1_287' title='bbox 1178 4655 1303 4731; x_wconf 88' lang='lat' dir='ltr'><strong>locuti.</strong></span> 
     </span>
    </p>
   </div>
   <div class='ocr_carea' id='block_1_4' title="bbox 0 0 2126 5850">
    <p class='ocr_par' dir='ltr' id='par_1_7' title="bbox 0 0 2126 5850">
     <span class='ocr_line' id='line_1_34' title="bbox 0 0 2126 5850; baseline 0 0"><span class='ocrx_word' id='word_1_288' title='bbox 0 0 2126 5850; x_wconf 95' lang='lat' dir='ltr'><strong> </strong></span> 
     </span>
    </p>
   </div>
  </div>
 </body>
</html>
