4200 5842
907 525 1081 693 (aar

724 801 754 874 1.
805 800 888 877 De
901 798 1080 874 assiculis
1110 797 1244 872 adreio.

284 991 518 1069 Vesiculae
484 998 598 1069 ae'reae
616 997 740 1101 positae
761 1005 847 1069 sunt
864 991 1064 1066 sectandum
1084 989 1196 1066 latera
1212 958 1393 1091 eorporis,
1420 989 1511 1064 fere
1522 988 1567 1063 sb
1587 991 1732 1091 organis
1744 1012 1858 1070 possus.

237 1102 477 1216 generationis
493 1139 609 1213 usque
625 1115 808 1188 edanum.
831 1110 1013 1187 Volumeu
1035 1138 1161 1185 earum
1178 1110 1231 1207 est
1250 1111 1448 1184 maximum
1464 1112 1503 1184 in
1520 1110 1726 1209 regionibus
1744 1131 1891 1188 volumen.

238 1254 322 1335 quae
343 1233 586 1309 ventriculum
613 1247 650 1306 et
669 1216 880 1345 intestinum
906 1232 1149 1326 circumdant,
1173 1231 1236 1307 sed
1263 1226 1509 1324 tantummodo
1535 1222 1727 1332 paululum

187 1440 190 1446 ,
236 1376 362 1458 supra
370 1380 431 1429 cor
457 1357 603 1428 omuino
631 1334 861 1430 evanescunt.
895 1354 1046 1462 Propter
1075 1354 1171 1427 banc
1201 1353 1487 1452 dispositionem,
1522 1352 1576 1427 Cl.
1608 1354 1727 1425 Carus

236 1474 388 1548 eredidit
413 1476 532 1549 ovaria
554 1489 591 1548 et
615 1476 795 1549 testiculos
813 1475 905 1547 nihil
927 1476 1026 1549 aliud
1048 1501 1122 1549 esse
1145 1478 1213 1548 nisi
1235 1480 1354 1549 aereas
1376 1475 1547 1549 vesiculas
1571 1474 1621 1547 ibi
1643 1500 1728 1548 rnu-

239 1607 345 1686 tatas3
368 1594 429 1668 sed
452 1595 539 1667 mibi
564 1596 708 1670 videtur.
730 1622 773 1668 ex
789 1597 864 1696 ipsi
887 1594 1147 1697 organisatione
1161 1597 1291 1669 harum
1313 1597 1489 1696 partium,
1506 1597 1589 1666 satis
1605 1610 1728 1694 patere

237 1713 336 1788 illam
361 1716 731 1789 transmutationem
756 1717 1066 1790 verisimilitudine
1093 1740 1168 1789 esse
1186 1712 1539 1812 alienam.''Singulae
1558 1713 1730 1788 'vesiculae

238 1834 462 1935 transversali
490 1836 594 1908 modo
621 1836 904 1912 extenduntur
893 1852 989 1910 mter
1016 1836 1088 1910 duo
1116 1828 1368 1933 subsequentia
1396 1832 1680 1935 diaphragmata
1692 1844 1738 1907 et

236 1981 303 2056 pro
328 1929 477 2054 singolis
494 1956 655 2050 anntvlis,
672 1957 753 2030 duae
776 1960 953 2051 existunt,
976 1960 1024 2031 ita
1045 1973 1088 2032 ut
1104 1958 1180 2031 lere
1199 1958 1274 2032 228
1290 1964 1547 2046 numerentur,
1575 1955 1666 2055 (fig.
1691 1959 1726 2029 1-.
1745 1965 1891 2022 Numerus.

238 2075 316 2147 tab.
338 2076 493 2146 XIV·-
508 2076 638 2172 XV).
739 2078 743 2083 ’

285 2193 348 2266 ΙΠι
370 2194 502 2294 duplex
525 2197 632 2268 series
655 2207 692 2268 et
707 2194 838 2270 duetus
858 2195 1002 2269 illorum
1021 2194 1244 2271 sacculorum
1269 2170 1621 2271 membranaceorum
1635 2196 1731 2284 effe-

166 2330 170 2336 ’
236 2327 366 2388 cerunt
386 2329 429 2388 ut
445 2314 591 2415 quidam
609 2327 772 2390 auctores
793 2316 981 2390 crederent
1003 2317 1175 2403 vesiculas
1196 2323 1316 2391 aereas
1337 2317 1488 2392 aliorum
1512 2326 1734 2416 organoium‘

236 2458 310 2508 esse
321 2435 453 2508 alienas
466 2438 631 2535 ipsasque
642 2435 799 2535 singulas
815 2462 898 2508 oum
918 2463 1006 2534 poro
1023 2438 1199 2509 exteriore
1212 2438 1498 2509 convmunicar'e':
1515 2463 1596 2535 quae
1609 2424 1734 2534 opinio

236 2558 478 2654 supposuisset
506 2555 596 2629 duas
619 2559 727 2629 series
750 2582 919 2656 pororum
944 2558 981 2628 iu
1006 2557 1108 2629 dorso
1132 2554 1191 2628 vel
1218 2583 1326 2629 unam
1352 2559 1478 2629 seriem
1504 2556 1548 2628 ab
1573 2548 1735 2656 utroque

225 2666 360 2750 latere.
387 2674 488 2747 Hauc
509 2677 733 2774 opinionem,
761 2687 887 2774 utpote
913 2699 957 2747 ex
984 2674 1072 2748 falsa
1100 2661 1344 2751 observatione
1372 2690 1502 2765 ortam,
1526 2675 1598 2776 jam
1625 2676 1731 2752 refu-

236 2794 402 2870 evimus.
425 2794 616 2868 anbrico
638 2797 676 2866 in
700 2807 860 2867 ventrem
883 2808 1025 2892 aperto,
1047 2798 1176 2868 veritas
1200 2796 1337 2896 prodit:
1361 2798 1494 2869 etenim
1515 2786 1733 2896 appendices

238 2913 474 2988 vesicularum
504 2915 724 3012 replicantur
753 2927 790 2986 et
821 2915 918 2986 infru
947 2916 1107 2988 canalem
1136 2916 1377 2990 intestiualem
1409 2918 1657 3017 extenduntur
1689 2931 1733 2993 ut

236 3033 400 3105 desinant
422 3034 466 3106 ad
489 3061 608 3132 poros,
634 3059 744 3133 prope
765 3034 897 3107 lineam
924 3037 1124 3134 uredianam
1146 3037 1333 3110 dorsalem.

248 3140 253 3148 ’
285 3154 394 3226 Ειιοι
419 3152 603 3229 clarissimi
629 3157 692 3226 De
721 3156 932 3227 Blainville
961 3168 997 3226 et
1023 3155 1194 3247 aliorum,
1219 3156 1336 3255 quoad
1364 3157 1472 3229 series
1493 3183 1664 3256 porosum
1692 3171 1731 3230 et

237 3276 477 3350 vesicularum
512 3300 555 3348 ex
586 3301 628 3348 eo
656 3277 752 3357 certe
778 3274 959 3348 oriebatur
986 3276 1103 3375 quod,
1133 3277 1289 3349 sectione
1318 3276 1501 3349 Lumbrici
1522 3272 1732 3380 secundum

237 3394 380 3497 dorsum
413 3396 597 3485 instituta,
628 3397 665 3467 in
698 3394 893 3471 directione
920 3424 1089 3496 pororum
1119 3423 1247 3498 corpus
1275 3414 1448 3473 secarent
1487 3400 1566 3472 Tali
1594 3401 1731 3474 etenim

237 3488 360 3608 modo,
379 3531 544 3590 secantur
562 3518 618 3589 fila
639 3520 837 3624 superiora
843 3519 1099 3612 vesicularum‚
1126 3518 1248 3592 saltem
1267 3520 1312 3591 ab
1334 3546 1408 3593 uno
1414 3519 1557 3612 latere3
1580 3519 1729 3610 deinde,

238 3649 322 3710 oute
337 3650 374 3709 et
394 3638 593 3710 musculis
584 3665 620 3710 m
639 3664 743 3711 seusu
761 3641 921 3737 opposito
937 3641 1142 3737 protractis,
1161 3637 1422 3739 disjunguntur
1441 3638 1625 3728 vesiculae,
1649 3662 1731 3738 quae

238 3757 379 3829 intactae
397 3784 481 3863 cum
504 3759 571 3832 filis
586 3759 815 3831 inferioribus
832 3774 1030 3833 remanent.
1051 3762 1091 3831 ln
1109 3759 1222 3858 figurd
1239 3759 1283 3831 ab
1300 3758 1354 3831 Cl.
1375 3761 1516 3830 Homio
1534 3754 1729 3849 delineatb,

238 3875 295 3949 lila
317 3903 399 3975 quae
427 3859 628 3951 cernuntur
650 3893 735 3953 suut
763 3879 819 3951 lila
846 3879 1015 3951 inferiora
1041 3906 1144 3978 quae,
1175 3892 1320 3979 propter
1344 3876 1562 3950 dissectionis
1581 3876 1729 3959 modum

236 3995 459 4087 adhibitum,
488 4025 507 4069 a
531 3997 642 4071 latere
667 3998 849 4072 discedere
870 4014 1057 4098 cogentur.

286 4114 465 4189 Vesiculae
498 4122 610 4190 ae'reae
633 4119 784 4190 formam
807 4120 969 4218 praehent
995 4123 1219 4195 sacculorum
1243 4118 1616 4206 membrnmmnrum,
1643 4142 1730 4193 ova·
1744 4137 1857 4191 rama

238 4233 328 4306 lium
351 4235 408 4308 vel
430 4236 684 4335 oblongorum,
703 4236 921 4334 aliquando
911 4264 949 4311 ιιι
967 4240 1084 4312 medio
1101 4244 1371 4342 constrictorum
1382 4238 1728 4334 strauslucidorum,

237 4351 517 4447 albescentium,
548 4358 592 4428 ab
616 4371 769 4455 utroque
798 4350 909 4430 latere
941 4335 1182 4434 desinentium
1213 4361 1271 4434 filo
1299 4360 1380 4460 plus
1407 4362 1572 4433 nrinusve
1599 4359 1728 4458 longo,

236 4475 328 4574 (figs
347 4462 389 4568 3,
413 4460 454 4570 4,
474 4476 574 4568 5,-6.
594 4481 671 4550 tob.
692 4480 817 4551 XIV
818 4470 841 4533 ὲ
852 4480 947 4550 XV
955 4482 980 4579 )
1005 4482 1122 4554 Filum
1141 4478 1288 4581 quodid
1306 4480 1440 4587 nrajore
1456 4479 1537 4552 lobo
1554 4474 1728 4575 occurrit,

237 4598 480 4670 communicat
511 4623 594 4671 cum
625 4625 712 4699 poro
739 4600 987 4702 respondente.
1009 4605 1072 4676 Est
1098 4606 1292 4705 exiguum,
1315 4600 1572 4704 cylindricum,
1596 4592 1730 4675 intrinss
