4244 5850
1097 507 1248 604 (154)

475 671 696 747 Manendum
717 681 771 740 est
795 691 891 741 meas
917 668 1102 766 opiniones
1128 682 1208 744 tum
1233 671 1391 770 denique
1413 684 1721 772 tanquam-certas
1742 695 1818 746 csse
1844 672 1913 747 ba-

426 793 576 885 ben'das,
597 815 713 891 quum
732 812 778 861 ex
799 786 1006 862 immediati
1027 814 1151 863 rerum
1173 789 1416 866 observatione
1438 806 1657 885 nascuntur3
1683 784 1814 892 praeter
1829 790 1912 883 illa,

428 914 546 988 omnia
564 910 635 983 alia
656 907 866 982 inductione
883 922 921 981 et
941 909 1209 982 ratiocinatione
1236 911 1484 984 tautummodo
1507 910 1752 988 stabiliuntur.

896 1118 933 1189 1.
990 1117 1194 1187 Circulutio
1223 1118 1427 1191 catenulis.

200 1344 409 1402 otoenauoaa
473 1311 789 1406 Quemadmodum
823 1312 863 1383 in
886 1307 1052 1382 omuibus
1080 1308 1160 1380 fere
1190 1308 1444 1405 Annelidibus,
1471 1315 1611 1386 arteria
1643 1326 1842 1388 occurrunt
1870 1313 1912 1385 in

199 1411 409 1536 ζζζᾞζ
425 1433 545 1525 dorso,
569 1430 822 1532 longitudinali
843 1430 966 1521 modo,
992 1429 1041 1501 ita
1064 1441 1108 1501 ut
1128 1433 1396 1538 communicent
1416 1456 1501 1505 cum
1523 1432 1693 1507 folliculis
1717 1433 1913 1532 pulmona-

199 1551 265 1604 ¹‘¹¹¹·
423 1558 486 1630 riis
505 1557 580 1630 sive
603 1555 744 1653 organis
766 1550 1018 1652 respirationis.
1049 1547 1119 1621 Sed
1139 1548 1355 1624 Lumbricus
1376 1554 1415 1624 iu
1444 1577 1487 1624 eo
1511 1553 1634 1627 differt
1658 1555 1757 1654 quod
1781 1552 1914 1628 babeat

424 1676 451 1750 6
473 1674 614 1750 vascula
638 1671 931 1772 longitudiualia‚
957 1694 1112 1769 quorum
1135 1671 1203 1741 tria
1222 1684 1307 1743 sunt
1328 1670 1505 1744 artes-iulia
1529 1685 1567 1744 et
1591 1672 1799 1746 immediate
1814 1675 1915 1746 inter

425 1819 463 1870 se
484 1794 769 1885 communicant,
795 1793 865 1865 tria
882 1816 969 1867 vero
992 1813 1134 1864 venosa.
1160 1787 1235 1860 Cel.
1264 1790 1415 1876 Cuvier,
1437 1793 1584 1878 Home,
1602 1794 1822 1892 Montdgre,
1840 1805 1912 1866 etc.

425 1913 661 2013 obsesserunt
691 1909 940 1985 tantummodo
964 1909 1039 1982 duo
1068 1933 1148 1982 vasa
1179 1905 1477 2003 longitudiualia,
1506 1937 1625 1986 unum
1650 1912 1816 1985 arteriale
1844 1926 1911 1985 ant

425 2034 581 2127 dorsale,
610 2033 764 2107 alterum
790 2056 874 2107 vero
896 2054 1069 2106 veuosum
1092 2039 1156 2099 aut
1179 2028 1350 2101 ventrale.
1377 2029 1431 2101 Cl.
1460 2031 1580 2103 Carus
1604 2031 1741 2104 detexit
1762 2033 1913 2107 tertium

425 2154 613 2232 vasculum
645 2152 818 2227 ventrale.
852 2150 1094 2224 Crassissimus
1121 2146 1253 2220 canalis
1280 2149 1450 2221 ventralis
1477 2164 1614 2250 posset,
1644 2151 1711 2225 illo
1739 2165 1910 2243 auctore,

425 2272 550 2347 haberi
571 2288 744 2374 tanquam
770 2298 862 2348 vena
883 2296 987 2361 cava,
1019 2268 1135 2340 donec
1153 2268 1384 2342 tenuissimus
1403 2269 1472 2343 sub
1497 2273 1617 2371 priore
1637 2263 1788 2370 positus,
1819 2287 1913 2346 esset

426 2418 517 2470 vena
545 2393 783 2493 pulmouaris,
811 2391 989 2464 reducens
1009 2388 1056 2461 ad
1081 2413 1144 2460 cor
1173 2389 1387 2485 sauguinem
1409 2390 1473 2486 qui
1494 2389 1604 2463 subiit
1627 2393 1847 2466 serationem
1869 2393 1911 2465 iu

426 2514 535 2585 saccis
557 2512 836 2586 membranaceis
860 2510 983 2609 ibique
1006 2508 1137 2581 ductus
1168 2507 1240 2580 luit
1263 2508 1578 2585 ramificatiouibus
1604 2525 1711 2586 sorte
1735 2525 1801 2586 aut
1820 2513 1916 2591 rasis
2037 2560 2040 2565 .

427 2629 584 2705 donalia.
1417 2644 1423 2651 ’

475 2750 602 2842 Quum
624 2750 926 2827 observaverimus
945 2751 984 2823 in
1003 2747 1204 2823 Lumbricis
1223 2748 1313 2822 duas
1333 2762 1397 2822 aut
1417 2755 1490 2823 tres
1510 2751 1674 2843 arterias,
1696 2776 1810 2825 unam
1827 2750 1916 2828 dor·

425 2867 556 2961 salem,
585 2868 774 2972 majorem,
797 2871 857 2943 cui
879 2871 987 2943 etiam
1018 2892 1150 2941 nomeu
1181 2881 1289 2941 aortae
1311 2867 1496 2962 dabimus,
1517 2870 1666 2944 alteram
1693 2870 1916 2964 venualem,
1962 2942 1966 2947 .

425 2989 621 3081 minorem,
639 3014 721 3089 quae
734 2991 993 3063 concomitatur
1008 2988 1215 3063 funiculum
1229 3013 1439 3079 nervosum,
1457 3015 1543 3064 cum
1559 2990 1664 3065 tertii
1679 3004 1819 3065 uaturoe
1834 2990 1915 3064 tw

425 3119 516 3181 tasse
541 3107 732 3200 arterialis,
756 3108 1025 3182 circulationem
1050 3106 1269 3200 arterialem,
1292 3107 1337 3181 de
1356 3110 1476 3209 priore
1495 3107 1657 3210 agendo,
1679 3112 1911 3212 incipiemus.

787 3317 831 3386 A.
865 3310 947 3388 ⁴De
977 3320 1086 3388 corso
1115 3319 1353 3390 catartaria
1383 3316 1539 3391 detrudi.

280 3535 392 3590 Ρωῑιῑο.
478 3508 613 3609 Aperto
624 3506 831 3599 Lumbrico,
845 3511 1025 3608 reperitur
1039 3510 1077 3581 in
1096 3509 1192 3583 linei
1207 3509 1370 3585 mediani
1383 3511 1528 3603 dorsali,
1549 3537 1723 3611 magnum
1738 3539 1800 3589 vas
1815 3514 1917 3614 qnod
1961 3511 1965 3517 ’

428 3644 538 3705 tenue
561 3630 735 3723 evadens,
758 3656 880 3706 versus
904 3657 1014 3704 anum
1036 3632 1265 3732 progreditur
1286 3646 1324 3705 et
1347 3634 1495 3706 infinitis
1516 3632 1831 3708 ramificationibus
1854 3635 1915 3713 vi-

427 3750 533 3824 detur
554 3775 766 3824 evanescere
781 3753 818 3823 in
836 3753 988 3851 parietes
1009 3752 1203 3854 pharyugis
1224 3764 1407 3847 externos,
1430 3755 1592 3853 quamvis
1603 3753 1655 3826 ibi
1670 3752 1915 3856 conjungatur

427 3897 511 3946 cum
537 3870 606 3944 sliri
628 3872 756 3945 arterii
777 3871 823 3945 dc
843 3872 914 3971 quit
936 3901 1019 3946 mox
1041 3874 1213 3947 dicemus.

239 4020 410 4092 Amplitudo.
477 3991 557 4064 Tali
581 3991 704 4083 ruodo,
730 3996 825 4064 ao'rta
854 3995 1033 4091 percurrit
1060 3996 1237 4093 integram
1269 3993 1537 4092 chloragogeuae
1566 3991 1843 4092 amplitudinem
1874 4007 1915 4067 et

416 4109 573 4215 ’quidem
587 4112 855 4183 ramilicationes
866 4110 1004 4210 prabet
1015 4111 1164 4210 singulis
1180 4110 1290 4214 hujus
1305 4116 1427 4212 organi
1444 4111 1649 4186 lateralibus
1661 4110 1914 4200 divisionibus,

426 4233 475 4305 itu
491 4244 535 4304 ut
549 4232 644 4304 inter
659 4229 955 4331 chloragogcnum
973 4244 1009 4304 et
1027 4233 1140 4331 ipsam
1155 4247 1288 4305 aortam
1305 4231 1495 4334 singularis
1511 4233 1686 4304 connexio
1697 4228 1911 4306 intercedet.

209 4374 326 4446 Figura,
348 4379 400 4427 etc.
476 4351 603 4441 Aorta,
626 4351 848 4424 transversali
867 4350 986 4444 modo,
1010 4351 1338 4454 diaphragmatibus
1357 4364 1498 4425 secatur
1525 4350 1673 4449 (figll.
1702 4351 1780 4422 tab.
1802 4348 1916 4424 XX-

426 4468 639 4570 XXIIL),
669 4472 718 4544 ita
745 4484 788 4545 ut
809 4479 1169 4574 occurrat⁸tanquam
1192 4475 1380 4549 funiculus
1401 4472 1566 4546 nodosus.
1584 4473 1641 4545 'In
1662 4484 1758 4545 statu
1779 4471 1915 4573 quietis

425 4589 626 4685 Lumbrici,
647 4594 686 4666 in
707 4594 851 4694 zigzug
871 4606 1144 4696 contorquetur,
1167 4595 1272 4671 facile
1288 4609 1383 4670 trans
1405 4608 1527 4667 cutem
1545 4589 1693 4670 visibilis
1711 4604 1749 4665 et
1769 4600 1914 4667 nubtum
