<?xml version="1.0" encoding="UTF-8"?>
<!DOCTYPE html PUBLIC "-//W3C//DTD XHTML 1.0 Transitional//EN"
    "http://www.w3.org/TR/xhtml1/DTD/xhtml1-transitional.dtd">
<html xmlns="http://www.w3.org/1999/xhtml" xml:lang="en" lang="en">
 <head>
  <title>
</title>
<meta http-equiv="Content-Type" content="text/html;charset=utf-8" />
  <meta name='ocr-system' content='tesseract 3.04.00' />
  <meta name='ocr-capabilities' content='ocr_page ocr_carea ocr_par ocr_line ocrx_word'/>
</head>
<body>
  <div class='ocr_page' id='page_1' title='image "./delumbriciterre00morrgoog_0041.png"; bbox 0 0 4244 5850; ppageno 0'>
   <div class='ocr_carea' id='block_1_1' title="bbox 184 507 1991 4813">
    <p class='ocr_par' dir='ltr' id='par_1_1' title="bbox 251 507 1766 906">
     <span class='ocr_line' id='line_1_1' title="bbox 939 507 1070 610; baseline -0.061 7"><span class='ocrx_word' id='word_1_1' title='bbox 939 507 1070 610; x_wconf 78' lang='lat'>(1⁷)</span> 
     </span>
     <span class='ocr_line' id='line_1_2' title="bbox 251 673 1766 794; baseline 0.002 -38"><span class='ocrx_word' id='word_1_2' title='bbox 251 681 413 784; x_wconf 81' lang='lat' dir='ltr'>corporis</span> <span class='ocrx_word' id='word_1_3' title='bbox 441 680 638 775; x_wconf 82' lang='lat' dir='ltr'>diameter3</span> <span class='ocrx_word' id='word_1_4' title='bbox 669 677 839 770; x_wconf 86' lang='lat' dir='ltr'>sinuosa,</span> <span class='ocrx_word' id='word_1_5' title='bbox 864 673 1025 794; x_wconf 76' lang='lat' dir='ltr'>obliquo</span> <span class='ocrx_word' id='word_1_6' title='bbox 1037 675 1145 751; x_wconf 90' lang='lat' dir='ltr'>modo</span> <span class='ocrx_word' id='word_1_7' title='bbox 1173 678 1367 779; x_wconf 77' lang='lat' dir='ltr'>saepissime</span> <span class='ocrx_word' id='word_1_8' title='bbox 1398 677 1691 779; x_wconf 84' lang='lat' dir='ltr'>progredientia3</span> <span class='ocrx_word' id='word_1_9' title='bbox 1719 682 1766 759; x_wconf 86' lang='lat' dir='ltr'>ad</span> 
     </span>
     <span class='ocr_line' id='line_1_3' title="bbox 251 801 1766 906; baseline 0.001 -27"><span class='ocrx_word' id='word_1_10' title='bbox 251 807 408 906; x_wconf 88' lang='lat' dir='ltr'>parietes</span> <span class='ocrx_word' id='word_1_11' title='bbox 429 808 646 896; x_wconf 76' lang='lat' dir='ltr'>exteriores,</span> <span class='ocrx_word' id='word_1_12' title='bbox 670 801 825 877; x_wconf 87' lang='lat' dir='ltr'>obducta</span> <span class='ocrx_word' id='word_1_13' title='bbox 844 824 953 873; x_wconf 90' lang='lat' dir='ltr'>succo</span> <span class='ocrx_word' id='word_1_14' title='bbox 975 824 1143 892; x_wconf 88' lang='lat' dir='ltr'>mucoso,</span> <span class='ocrx_word' id='word_1_15' title='bbox 1165 801 1230 899; x_wconf 90' lang='lat' dir='ltr'>qui</span> <span class='ocrx_word' id='word_1_16' title='bbox 1253 804 1428 876; x_wconf 89' lang='lat' dir='ltr'>continuo</span> <span class='ocrx_word' id='word_1_17' title='bbox 1450 826 1496 875; x_wconf 90' lang='lat' dir='ltr'>ex</span> <span class='ocrx_word' id='word_1_18' title='bbox 1512 829 1663 904; x_wconf 87' lang='lat' dir='ltr'>corpore</span> <span class='ocrx_word' id='word_1_19' title='bbox 1680 809 1766 883; x_wconf 87' lang='lat' dir='ltr'>oni-</span> 
     </span>
    </p>

    <p class='ocr_par' dir='ltr' id='par_1_2' title="bbox 184 919 1865 1762">
     <span class='ocr_line' id='line_1_4' title="bbox 184 919 1765 1026; baseline 0.001 -24"><span class='ocrx_word' id='word_1_20' title='bbox 184 986 188 994; x_wconf 88' lang='lat'>.</span> <span class='ocrx_word' id='word_1_21' title='bbox 252 927 357 1002; x_wconf 89' lang='lat' dir='ltr'>malis</span> <span class='ocrx_word' id='word_1_22' title='bbox 384 928 548 1003; x_wconf 88' lang='lat' dir='ltr'>exsudat.</span> <span class='ocrx_word' id='word_1_23' title='bbox 572 927 710 1001; x_wconf 73' lang='lat' dir='ltr'>Elidem</span> <span class='ocrx_word' id='word_1_24' title='bbox 731 919 950 1014; x_wconf 63' lang='lat' dir='ltr'>substantii,</span> <span class='ocrx_word' id='word_1_25' title='bbox 973 920 1160 995; x_wconf 89' lang='lat' dir='ltr'>Lumbrici</span> <span class='ocrx_word' id='word_1_26' title='bbox 1180 922 1365 1016; x_wconf 42' lang='lat' dir='ltr'>foramina,</span> <span class='ocrx_word' id='word_1_27' title='bbox 1381 950 1465 1020; x_wconf 87' lang='lat' dir='ltr'>sua,</span> <span class='ocrx_word' id='word_1_28' title='bbox 1491 925 1651 1026; x_wconf 86' lang='lat' dir='ltr'>hyemali</span> <span class='ocrx_word' id='word_1_29' title='bbox 1668 942 1765 1005; x_wconf 86' lang='lat' dir='ltr'>tem-</span> 
     </span>
     <span class='ocr_line' id='line_1_5' title="bbox 253 1044 1764 1150; baseline 0.004 -28"><span class='ocrx_word' id='word_1_30' title='bbox 253 1076 360 1150; x_wconf 82' lang='lat' dir='ltr'>pore,</span> <span class='ocrx_word' id='word_1_31' title='bbox 381 1048 551 1125; x_wconf 80' lang='lat' dir='ltr'>claudere</span> <span class='ocrx_word' id='word_1_32' title='bbox 569 1048 762 1140; x_wconf 84' lang='lat' dir='ltr'>videntur,</span> <span class='ocrx_word' id='word_1_33' title='bbox 787 1048 838 1119; x_wconf 89' lang='lat' dir='ltr'>ita</span> <span class='ocrx_word' id='word_1_34' title='bbox 855 1047 958 1123; x_wconf 87' lang='lat' dir='ltr'>utin</span> <span class='ocrx_word' id='word_1_35' title='bbox 980 1044 1070 1138; x_wconf 89' lang='lat' dir='ltr'>illis,</span> <span class='ocrx_word' id='word_1_36' title='bbox 1097 1045 1214 1122; x_wconf 79' lang='lat' dir='ltr'>veluti</span> <span class='ocrx_word' id='word_1_37' title='bbox 1236 1048 1275 1120; x_wconf 93' lang='lat' dir='ltr'>in</span> <span class='ocrx_word' id='word_1_38' title='bbox 1299 1046 1447 1148; x_wconf 68' lang='lat' dir='ltr'>vaginis,</span> <span class='ocrx_word' id='word_1_39' title='bbox 1471 1047 1648 1125; x_wconf 89' lang='lat' dir='ltr'>habitent.</span> <span class='ocrx_word' id='word_1_40' title='bbox 1679 1053 1764 1128; x_wconf 79' lang='lat' dir='ltr'>Haec</span> 
     </span>
     <span class='ocr_line' id='line_1_6' title="bbox 253 1168 1766 1250; baseline 0.003 -5"><span class='ocrx_word' id='word_1_41' title='bbox 253 1172 453 1250; x_wconf 85' lang='lat' dir='ltr'>observatio</span> <span class='ocrx_word' id='word_1_42' title='bbox 482 1201 502 1247; x_wconf 85' lang='lat' dir='ltr'>a</span> <span class='ocrx_word' id='word_1_43' title='bbox 532 1174 718 1247; x_wconf 85' lang='lat' dir='ltr'>Latreille</span> <span class='ocrx_word' id='word_1_44' title='bbox 748 1171 844 1243; x_wconf 86' lang='lat' dir='ltr'>facta</span> <span class='ocrx_word' id='word_1_45' title='bbox 874 1169 959 1243; x_wconf 86' lang='lat' dir='ltr'>fuit.</span> <span class='ocrx_word' id='word_1_46' title='bbox 990 1168 1180 1245; x_wconf 84' lang='lat' dir='ltr'>Foramina</span> <span class='ocrx_word' id='word_1_47' title='bbox 1208 1195 1335 1244; x_wconf 89' lang='lat' dir='ltr'>eorum</span> <span class='ocrx_word' id='word_1_48' title='bbox 1369 1169 1512 1245; x_wconf 94' lang='lat' dir='ltr'>duobus</span> <span class='ocrx_word' id='word_1_49' title='bbox 1543 1172 1700 1247; x_wconf 90' lang='lat' dir='ltr'>exitibus</span> <span class='ocrx_word' id='word_1_50' title='bbox 1728 1190 1766 1249; x_wconf 90' lang='lat' dir='ltr'>ct</span> 
     </span>
     <span class='ocr_line' id='line_1_7' title="bbox 251 1291 1865 1398; baseline 0.002 -29"><span class='ocrx_word' id='word_1_51' title='bbox 251 1295 401 1394; x_wconf 88' lang='lat' dir='ltr'>quidem</span> <span class='ocrx_word' id='word_1_52' title='bbox 427 1294 595 1394; x_wconf 90' lang='lat' dir='ltr'>pluribus</span> <span class='ocrx_word' id='word_1_53' title='bbox 614 1307 702 1369; x_wconf 90' lang='lat' dir='ltr'>sunt</span> <span class='ocrx_word' id='word_1_54' title='bbox 724 1293 922 1383; x_wconf 87' lang='lat' dir='ltr'>instructa,</span> <span class='ocrx_word' id='word_1_55' title='bbox 954 1314 1112 1389; x_wconf 85' lang='lat' dir='ltr'>quarum</span> <span class='ocrx_word' id='word_1_56' title='bbox 1137 1291 1206 1365; x_wconf 89' lang='lat' dir='ltr'>alia</span> <span class='ocrx_word' id='word_1_57' title='bbox 1230 1293 1404 1384; x_wconf 89' lang='lat' dir='ltr'>incessui,</span> <span class='ocrx_word' id='word_1_58' title='bbox 1434 1293 1503 1368; x_wconf 89' lang='lat' dir='ltr'>alia</span> <span class='ocrx_word' id='word_1_59' title='bbox 1532 1320 1618 1371; x_wconf 87' lang='lat' dir='ltr'>vero</span> <span class='ocrx_word' id='word_1_60' title='bbox 1641 1323 1765 1398; x_wconf 87' lang='lat' dir='ltr'>egres-</span> <span class='ocrx_word' id='word_1_61' title='bbox 1862 1332 1865 1337; x_wconf 95' lang='lat'><em>·</em></span> 
     </span>
     <span class='ocr_line' id='line_1_8' title="bbox 250 1413 1764 1518; baseline 0.003 -28"><span class='ocrx_word' id='word_1_62' title='bbox 250 1419 343 1490; x_wconf 91' lang='lat' dir='ltr'>sioni</span> <span class='ocrx_word' id='word_1_63' title='bbox 364 1419 582 1494; x_wconf 86' lang='lat' dir='ltr'>inserviunt.</span> <span class='ocrx_word' id='word_1_64' title='bbox 610 1417 668 1491; x_wconf 92' lang='lat' dir='ltr'>Ad</span> <span class='ocrx_word' id='word_1_65' title='bbox 691 1415 756 1489; x_wconf 89' lang='lat' dir='ltr'>soli</span> <span class='ocrx_word' id='word_1_66' title='bbox 778 1413 1008 1513; x_wconf 88' lang='lat' dir='ltr'>superficiem</span> <span class='ocrx_word' id='word_1_67' title='bbox 1035 1413 1115 1486; x_wconf 88' lang='lat' dir='ltr'>fere</span> <span class='ocrx_word' id='word_1_68' title='bbox 1138 1437 1282 1513; x_wconf 87' lang='lat' dir='ltr'>semper</span> <span class='ocrx_word' id='word_1_69' title='bbox 1304 1414 1579 1489; x_wconf 81' lang='lat' dir='ltr'>circumdantur</span> <span class='ocrx_word' id='word_1_70' title='bbox 1609 1417 1764 1518; x_wconf 86' lang='lat' dir='ltr'>glebulis</span> 
     </span>
     <span class='ocr_line' id='line_1_9' title="bbox 250 1536 1761 1638; baseline 0.001 -24"><span class='ocrx_word' id='word_1_71' title='bbox 250 1538 566 1632; x_wconf 81' lang='lat' dir='ltr'>vermiformibus,</span> <span class='ocrx_word' id='word_1_72' title='bbox 587 1539 626 1611; x_wconf 91' lang='lat' dir='ltr'>in</span> <span class='ocrx_word' id='word_1_73' title='bbox 650 1537 807 1613; x_wconf 89' lang='lat' dir='ltr'>diversas</span> <span class='ocrx_word' id='word_1_74' title='bbox 830 1548 950 1638; x_wconf 80' lang='lat' dir='ltr'>partes</span> <span class='ocrx_word' id='word_1_75' title='bbox 972 1536 1165 1608; x_wconf 87' lang='lat' dir='ltr'>contortis:</span> <span class='ocrx_word' id='word_1_76' title='bbox 1193 1550 1247 1609; x_wconf 90' lang='lat' dir='ltr'>est</span> <span class='ocrx_word' id='word_1_77' title='bbox 1274 1550 1389 1629; x_wconf 88' lang='lat' dir='ltr'>terra,</span> <span class='ocrx_word' id='word_1_78' title='bbox 1421 1538 1613 1636; x_wconf 85' lang='lat' dir='ltr'>quaeipsis</span> <span class='ocrx_word' id='word_1_79' title='bbox 1638 1539 1761 1616; x_wconf 90' lang='lat' dir='ltr'>cibum</span> 
     </span>
     <span class='ocr_line' id='line_1_10' title="bbox 250 1661 420 1762; baseline -0.018 -26"><span class='ocrx_word' id='word_1_80' title='bbox 250 1661 420 1762; x_wconf 78' lang='lat' dir='ltr'>praebuit.</span> 
     </span>
    </p>

    <p class='ocr_par' dir='ltr' id='par_1_3' title="bbox 247 1779 1991 2728">
     <span class='ocr_line' id='line_1_11' title="bbox 300 1779 1991 1890; baseline 0.004 -34"><span class='ocrx_word' id='word_1_81' title='bbox 300 1782 493 1857; x_wconf 88' lang='lat' dir='ltr'>Intensiori</span> <span class='ocrx_word' id='word_1_82' title='bbox 509 1781 645 1881; x_wconf 85' lang='lat' dir='ltr'>frigore</span> <span class='ocrx_word' id='word_1_83' title='bbox 662 1791 874 1879; x_wconf 87' lang='lat' dir='ltr'>torpescunt</span> <span class='ocrx_word' id='word_1_84' title='bbox 888 1791 924 1850; x_wconf 89' lang='lat' dir='ltr'>et</span> <span class='ocrx_word' id='word_1_85' title='bbox 942 1793 1118 1877; x_wconf 87' lang='lat' dir='ltr'>pereunt,</span> <span class='ocrx_word' id='word_1_86' title='bbox 1137 1781 1302 1878; x_wconf 88' lang='lat' dir='ltr'>quamvis</span> <span class='ocrx_word' id='word_1_87' title='bbox 1318 1779 1472 1852; x_wconf 80' lang='lat' dir='ltr'>faciliori</span> <span class='ocrx_word' id='word_1_88' title='bbox 1496 1781 1620 1874; x_wconf 91' lang='lat' dir='ltr'>modo,</span> <span class='ocrx_word' id='word_1_89' title='bbox 1643 1784 1758 1885; x_wconf 88' lang='lat' dir='ltr'>frigus</span> <span class='ocrx_word' id='word_1_90' title='bbox 1776 1812 1895 1871; x_wconf 74' lang='lat' dir='ltr'>Effectus</span> <span class='ocrx_word' id='word_1_91' title='bbox 1906 1818 1991 1890; x_wconf 75' lang='lat' dir='ltr'>frigo-</span> 
     </span>
     <span class='ocr_line' id='line_1_12' title="bbox 250 1884 1850 2004; baseline 0 -24"><span class='ocrx_word' id='word_1_92' title='bbox 250 1930 364 2004; x_wconf 87' lang='lat' dir='ltr'>quam</span> <span class='ocrx_word' id='word_1_93' title='bbox 393 1901 550 1977; x_wconf 86' lang='lat' dir='ltr'>calorem</span> <span class='ocrx_word' id='word_1_94' title='bbox 578 1902 721 2000; x_wconf 89' lang='lat' dir='ltr'>perpeti</span> <span class='ocrx_word' id='word_1_95' title='bbox 747 1902 908 1999; x_wconf 83' lang='lat' dir='ltr'>possint3</span> <span class='ocrx_word' id='word_1_96' title='bbox 937 1899 998 1972; x_wconf 93' lang='lat' dir='ltr'>hic</span> <span class='ocrx_word' id='word_1_97' title='bbox 1030 1901 1114 2000; x_wconf 87' lang='lat' dir='ltr'>ipsis</span> <span class='ocrx_word' id='word_1_98' title='bbox 1146 1900 1262 1973; x_wconf 85' lang='lat' dir='ltr'>multo</span> <span class='ocrx_word' id='word_1_99' title='bbox 1290 1903 1404 2000; x_wconf 88' lang='lat' dir='ltr'>magis</span> <span class='ocrx_word' id='word_1_100' title='bbox 1433 1916 1551 1978; x_wconf 87' lang='lat' dir='ltr'>nocet.</span> <span class='ocrx_word' id='word_1_101' title='bbox 1592 1903 1760 2004; x_wconf 82' lang='lat' dir='ltr'>Hyemali</span> <span class='ocrx_word' id='word_1_102' title='bbox 1802 1884 1850 1938; x_wconf 64' lang='lat'>‘⁵⁸&#39;</span> 
     </span>
     <span class='ocr_line' id='line_1_13' title="bbox 247 2010 1761 2132; baseline 0.003 -32"><span class='ocrx_word' id='word_1_103' title='bbox 247 2039 375 2102; x_wconf 84' lang='lat' dir='ltr'>autem</span> <span class='ocrx_word' id='word_1_104' title='bbox 387 2010 568 2125; x_wconf 87' lang='lat' dir='ltr'>tempore,</span> <span class='ocrx_word' id='word_1_105' title='bbox 584 2022 764 2097; x_wconf 87' lang='lat' dir='ltr'>effodiunt</span> <span class='ocrx_word' id='word_1_106' title='bbox 778 2021 844 2095; x_wconf 90' lang='lat' dir='ltr'>sibi</span> <span class='ocrx_word' id='word_1_107' title='bbox 856 2022 1093 2122; x_wconf 82' lang='lat' dir='ltr'>profundiora</span> <span class='ocrx_word' id='word_1_108' title='bbox 1113 2024 1308 2132; x_wconf 84' lang='lat' dir='ltr'>foramina,</span> <span class='ocrx_word' id='word_1_109' title='bbox 1322 2049 1404 2125; x_wconf 88' lang='lat' dir='ltr'>quae</span> <span class='ocrx_word' id='word_1_110' title='bbox 1422 2023 1502 2099; x_wconf 88' lang='lat' dir='ltr'>tubi</span> <span class='ocrx_word' id='word_1_111' title='bbox 1517 2029 1662 2103; x_wconf 83' lang='lat' dir='ltr'>recurvi</span> <span class='ocrx_word' id='word_1_112' title='bbox 1675 2055 1761 2129; x_wconf 88' lang='lat' dir='ltr'>spe-</span> 
     </span>
     <span class='ocr_line' id='line_1_14' title="bbox 249 2130 1760 2247; baseline 0.002 -24"><span class='ocrx_word' id='word_1_113' title='bbox 249 2150 344 2226; x_wconf 87' lang='lat' dir='ltr'>ciem</span> <span class='ocrx_word' id='word_1_114' title='bbox 356 2147 542 2222; x_wconf 78' lang='lat' dir='ltr'>exhibent.</span> <span class='ocrx_word' id='word_1_115' title='bbox 555 2146 609 2226; x_wconf 89' lang='lat' dir='ltr'>Ut</span> <span class='ocrx_word' id='word_1_116' title='bbox 624 2173 644 2218; x_wconf 85' lang='lat' dir='ltr'>a</span> <span class='ocrx_word' id='word_1_117' title='bbox 660 2146 798 2245; x_wconf 89' lang='lat' dir='ltr'>frigore</span> <span class='ocrx_word' id='word_1_118' title='bbox 809 2147 881 2217; x_wconf 90' lang='lat' dir='ltr'>sint</span> <span class='ocrx_word' id='word_1_119' title='bbox 897 2145 1216 2238; x_wconf 88' lang='lat' dir='ltr'>immunes,altius</span> <span class='ocrx_word' id='word_1_120' title='bbox 1231 2130 1426 2247; x_wconf 86' lang='lat' dir='ltr'>penetrant</span> <span class='ocrx_word' id='word_1_121' title='bbox 1437 2148 1486 2245; x_wconf 69' lang='lat' dir='ltr'>(lp</span> <span class='ocrx_word' id='word_1_122' title='bbox 1495 2147 1648 2247; x_wconf 90' lang='lat' dir='ltr'>pedibus</span> <span class='ocrx_word' id='word_1_123' title='bbox 1664 2151 1760 2226; x_wconf 88' lang='lat' dir='ltr'>infra</span> 
     </span>
     <span class='ocr_line' id='line_1_15' title="bbox 248 2250 1761 2370; baseline 0.001 -24"><span class='ocrx_word' id='word_1_124' title='bbox 248 2272 438 2369; x_wconf 85' lang='lat' dir='ltr'>terram),</span> <span class='ocrx_word' id='word_1_125' title='bbox 466 2295 578 2344; x_wconf 89' lang='lat' dir='ltr'>unam</span> <span class='ocrx_word' id='word_1_126' title='bbox 604 2282 746 2369; x_wconf 88' lang='lat' dir='ltr'>partem</span> <span class='ocrx_word' id='word_1_127' title='bbox 776 2266 948 2341; x_wconf 90' lang='lat' dir='ltr'>tuborum</span> <span class='ocrx_word' id='word_1_128' title='bbox 974 2267 1233 2367; x_wconf 71' lang='lat' dir='ltr'>producendo,</span> <span class='ocrx_word' id='word_1_129' title='bbox 1259 2296 1341 2370; x_wconf 81' lang='lat' dir='ltr'>quae</span> <span class='ocrx_word' id='word_1_130' title='bbox 1371 2250 1622 2369; x_wconf 42' lang='lat' dir='ltr'>pars&#39;nullum</span> <span class='ocrx_word' id='word_1_131' title='bbox 1649 2272 1761 2348; x_wconf 86' lang='lat' dir='ltr'>habet</span> 
     </span>
     <span class='ocr_line' id='line_1_16' title="bbox 248 2391 1757 2495; baseline 0 -26"><span class='ocrx_word' id='word_1_132' title='bbox 248 2394 410 2486; x_wconf 86' lang='lat' dir='ltr'>exitum,</span> <span class='ocrx_word' id='word_1_133' title='bbox 435 2391 497 2475; x_wconf 87' lang='lat' dir='ltr'>sed</span> <span class='ocrx_word' id='word_1_134' title='bbox 514 2418 597 2492; x_wconf 88' lang='lat' dir='ltr'>quae</span> <span class='ocrx_word' id='word_1_135' title='bbox 613 2392 830 2465; x_wconf 85' lang='lat' dir='ltr'>terminatur</span> <span class='ocrx_word' id='word_1_136' title='bbox 851 2392 970 2489; x_wconf 91' lang='lat' dir='ltr'>specie</span> <span class='ocrx_word' id='word_1_137' title='bbox 990 2392 1103 2483; x_wconf 86' lang='lat' dir='ltr'>antri,</span> <span class='ocrx_word' id='word_1_138' title='bbox 1122 2392 1162 2463; x_wconf 93' lang='lat' dir='ltr'>in</span> <span class='ocrx_word' id='word_1_139' title='bbox 1181 2416 1254 2491; x_wconf 92' lang='lat' dir='ltr'>quo</span> <span class='ocrx_word' id='word_1_140' title='bbox 1277 2417 1314 2465; x_wconf 92' lang='lat' dir='ltr'>se</span> <span class='ocrx_word' id='word_1_141' title='bbox 1338 2392 1378 2464; x_wconf 91' lang='lat' dir='ltr'>in</span> <span class='ocrx_word' id='word_1_142' title='bbox 1406 2393 1540 2492; x_wconf 90' lang='lat' dir='ltr'>spiram</span> <span class='ocrx_word' id='word_1_143' title='bbox 1562 2393 1757 2495; x_wconf 90' lang='lat' dir='ltr'>colligunt,</span> 
     </span>
     <span class='ocr_line' id='line_1_17' title="bbox 248 2512 1761 2613; baseline 0.003 -26"><span class='ocrx_word' id='word_1_144' title='bbox 248 2517 298 2588; x_wconf 83' lang='lat' dir='ltr'>ita</span> <span class='ocrx_word' id='word_1_145' title='bbox 321 2529 367 2588; x_wconf 88' lang='lat' dir='ltr'>ut</span> <span class='ocrx_word' id='word_1_146' title='bbox 387 2514 527 2589; x_wconf 88' lang='lat' dir='ltr'>caudex</span> <span class='ocrx_word' id='word_1_147' title='bbox 553 2525 801 2613; x_wconf 89' lang='lat' dir='ltr'>propecaput</span> <span class='ocrx_word' id='word_1_148' title='bbox 817 2513 863 2584; x_wconf 94' lang='lat' dir='ltr'>sit</span> <span class='ocrx_word' id='word_1_149' title='bbox 881 2512 1031 2610; x_wconf 90' lang='lat' dir='ltr'>positus.</span> <span class='ocrx_word' id='word_1_150' title='bbox 1055 2512 1301 2612; x_wconf 89' lang='lat' dir='ltr'>Torpescunt,</span> <span class='ocrx_word' id='word_1_151' title='bbox 1325 2513 1389 2588; x_wconf 91' lang='lat' dir='ltr'>sed</span> <span class='ocrx_word' id='word_1_152' title='bbox 1404 2514 1478 2587; x_wconf 92' lang='lat' dir='ltr'>solo</span> <span class='ocrx_word' id='word_1_153' title='bbox 1495 2541 1674 2592; x_wconf 89' lang='lat' dir='ltr'>manuum</span> <span class='ocrx_word' id='word_1_154' title='bbox 1698 2544 1761 2591; x_wconf 91' lang='lat' dir='ltr'>ca-</span> 
     </span>
     <span class='ocr_line' id='line_1_18' title="bbox 247 2625 1815 2728; baseline -0.002 -18"><span class='ocrx_word' id='word_1_155' title='bbox 247 2636 325 2712; x_wconf 85' lang='lat' dir='ltr'>lore</span> <span class='ocrx_word' id='word_1_156' title='bbox 347 2638 581 2728; x_wconf 86' lang='lat' dir='ltr'>reficiuntur,</span> <span class='ocrx_word' id='word_1_157' title='bbox 605 2650 642 2708; x_wconf 90' lang='lat' dir='ltr'>et</span> <span class='ocrx_word' id='word_1_158' title='bbox 663 2636 805 2710; x_wconf 89' lang='lat' dir='ltr'>sohtam</span> <span class='ocrx_word' id='word_1_159' title='bbox 826 2635 1049 2709; x_wconf 87' lang='lat' dir='ltr'>alacritatem</span> <span class='ocrx_word' id='word_1_160' title='bbox 1072 2636 1198 2711; x_wconf 83' lang='lat' dir='ltr'>rurslrs</span> <span class='ocrx_word' id='word_1_161' title='bbox 1223 2650 1424 2710; x_wconf 89' lang='lat' dir='ltr'>assumunt.</span> <span class='ocrx_word' id='word_1_162' title='bbox 1525 2697 1528 2704; x_wconf 92' lang='lat'><em>.</em></span> <span class='ocrx_word' id='word_1_163' title='bbox 1813 2625 1815 2629; x_wconf 32' lang='lat'><strong><em>¹</em></strong></span> 
     </span>
    </p>

    <p class='ocr_par' dir='ltr' id='par_1_4' title="bbox 245 2757 1939 3594">
     <span class='ocr_line' id='line_1_19' title="bbox 297 2757 1939 2857; baseline 0.005 -27"><span class='ocrx_word' id='word_1_164' title='bbox 297 2757 408 2831; x_wconf 90' lang='lat' dir='ltr'>Solita</span> <span class='ocrx_word' id='word_1_165' title='bbox 437 2757 718 2843; x_wconf 85' lang='lat' dir='ltr'>Lumbricorum</span> <span class='ocrx_word' id='word_1_166' title='bbox 750 2757 920 2832; x_wconf 87' lang='lat' dir='ltr'>alimenta</span> <span class='ocrx_word' id='word_1_167' title='bbox 953 2759 1128 2835; x_wconf 80' lang='lat' dir='ltr'>ridentur</span> <span class='ocrx_word' id='word_1_168' title='bbox 1159 2785 1236 2834; x_wconf 89' lang='lat' dir='ltr'>esse</span> <span class='ocrx_word' id='word_1_169' title='bbox 1270 2773 1366 2834; x_wconf 91' lang='lat' dir='ltr'>terra</span> <span class='ocrx_word' id='word_1_170' title='bbox 1400 2786 1485 2834; x_wconf 89' lang='lat' dir='ltr'>cum</span> <span class='ocrx_word' id='word_1_171' title='bbox 1519 2759 1617 2836; x_wconf 72' lang='lat' dir='ltr'>certi</span> <span class='ocrx_word' id='word_1_172' title='bbox 1650 2761 1757 2838; x_wconf 90' lang='lat' dir='ltr'>humi</span> <span class='ocrx_word' id='word_1_173' title='bbox 1788 2799 1939 2857; x_wconf 53' lang='lat' dir='ltr'>mamm,</span> 
     </span>
     <span class='ocr_line' id='line_1_20' title="bbox 246 2880 1759 2983; baseline 0.003 -27"><span class='ocrx_word' id='word_1_174' title='bbox 246 2882 451 2983; x_wconf 80' lang='lat' dir='ltr'>quantitate</span> <span class='ocrx_word' id='word_1_175' title='bbox 470 2882 677 2954; x_wconf 87' lang='lat' dir='ltr'>commixta.</span> <span class='ocrx_word' id='word_1_176' title='bbox 704 2880 847 2956; x_wconf 86' lang='lat' dir='ltr'>Humus</span> <span class='ocrx_word' id='word_1_177' title='bbox 870 2906 999 2956; x_wconf 89' lang='lat' dir='ltr'>eorum</span> <span class='ocrx_word' id='word_1_178' title='bbox 1019 2880 1145 2957; x_wconf 90' lang='lat' dir='ltr'>cibum</span> <span class='ocrx_word' id='word_1_179' title='bbox 1166 2881 1353 2974; x_wconf 80' lang='lat' dir='ltr'>efformet,</span> <span class='ocrx_word' id='word_1_180' title='bbox 1379 2895 1417 2956; x_wconf 92' lang='lat' dir='ltr'>ct</span> <span class='ocrx_word' id='word_1_181' title='bbox 1439 2896 1481 2956; x_wconf 93' lang='lat' dir='ltr'>ut</span> <span class='ocrx_word' id='word_1_182' title='bbox 1504 2882 1566 2955; x_wconf 75' lang='lat' dir='ltr'>illa</span> <span class='ocrx_word' id='word_1_183' title='bbox 1585 2896 1759 2982; x_wconf 88' lang='lat' dir='ltr'>utantur,</span> 
     </span>
     <span class='ocr_line' id='line_1_21' title="bbox 247 3002 1757 3107; baseline 0.004 -31"><span class='ocrx_word' id='word_1_184' title='bbox 247 3017 384 3077; x_wconf 89' lang='lat' dir='ltr'>certam</span> <span class='ocrx_word' id='word_1_185' title='bbox 408 3017 513 3085; x_wconf 83' lang='lat' dir='ltr'>terrae</span> <span class='ocrx_word' id='word_1_186' title='bbox 538 3003 779 3102; x_wconf 89' lang='lat' dir='ltr'>quantitatem</span> <span class='ocrx_word' id='word_1_187' title='bbox 801 3002 1003 3078; x_wconf 89' lang='lat' dir='ltr'>absorbent.</span> <span class='ocrx_word' id='word_1_188' title='bbox 1031 3006 1183 3105; x_wconf 88' lang='lat' dir='ltr'>Semper</span> <span class='ocrx_word' id='word_1_189' title='bbox 1199 3032 1316 3107; x_wconf 90' lang='lat' dir='ltr'>quum</span> <span class='ocrx_word' id='word_1_190' title='bbox 1334 3005 1504 3105; x_wconf 90' lang='lat' dir='ltr'>scalpello</span> <span class='ocrx_word' id='word_1_191' title='bbox 1521 3007 1757 3104; x_wconf 88' lang='lat' dir='ltr'>aperiuntur,</span> 
     </span>
     <span class='ocr_line' id='line_1_22' title="bbox 247 3126 1761 3228; baseline 0.001 -26"><span class='ocrx_word' id='word_1_192' title='bbox 247 3152 427 3228; x_wconf 87' lang='lat' dir='ltr'>magnum</span> <span class='ocrx_word' id='word_1_193' title='bbox 448 3127 684 3219; x_wconf 87' lang='lat' dir='ltr'>intestinum,</span> <span class='ocrx_word' id='word_1_194' title='bbox 707 3127 936 3220; x_wconf 91' lang='lat' dir='ltr'>stomachus,</span> <span class='ocrx_word' id='word_1_195' title='bbox 963 3140 1002 3199; x_wconf 92' lang='lat' dir='ltr'>et</span> <span class='ocrx_word' id='word_1_196' title='bbox 1027 3153 1109 3226; x_wconf 91' lang='lat' dir='ltr'>pars</span> <span class='ocrx_word' id='word_1_197' title='bbox 1133 3128 1320 3227; x_wconf 85' lang='lat' dir='ltr'>oesophagi</span> <span class='ocrx_word' id='word_1_198' title='bbox 1344 3126 1493 3225; x_wconf 89' lang='lat' dir='ltr'>impleta</span> <span class='ocrx_word' id='word_1_199' title='bbox 1522 3128 1761 3225; x_wconf 89' lang='lat' dir='ltr'>reperiuntur</span> 
     </span>
     <span class='ocr_line' id='line_1_23' title="bbox 247 3247 1762 3350; baseline 0.001 -27"><span class='ocrx_word' id='word_1_200' title='bbox 247 3248 344 3323; x_wconf 81' lang='lat' dir='ltr'>terrai</span> <span class='ocrx_word' id='word_1_201' title='bbox 368 3247 580 3327; x_wconf 72' lang='lat' dir='ltr'>tenuissimi</span> <span class='ocrx_word' id='word_1_202' title='bbox 602 3247 718 3327; x_wconf 78' lang='lat' dir='ltr'>veluti</span> <span class='ocrx_word' id='word_1_203' title='bbox 739 3250 779 3322; x_wconf 91' lang='lat' dir='ltr'>in</span> <span class='ocrx_word' id='word_1_204' title='bbox 805 3249 997 3349; x_wconf 88' lang='lat' dir='ltr'>pulverem</span> <span class='ocrx_word' id='word_1_205' title='bbox 1019 3249 1164 3323; x_wconf 74' lang='lat' dir='ltr'>redacta</span> <span class='ocrx_word' id='word_1_206' title='bbox 1187 3248 1436 3350; x_wconf 82' lang='lat' dir='ltr'>(impalpabili</span> <span class='ocrx_word' id='word_1_207' title='bbox 1452 3248 1762 3350; x_wconf 76' lang='lat' dir='ltr'>‚pharmacopola-</span> 
     </span>
     <span class='ocr_line' id='line_1_24' title="bbox 246 3353 1759 3473; baseline 0 -26"><span class='ocrx_word' id='word_1_208' title='bbox 246 3399 332 3456; x_wconf 82' lang='lat' dir='ltr'>rum</span> <span class='ocrx_word' id='word_1_209' title='bbox 343 3372 370 3473; x_wconf 91' lang='lat'>).</span> <span class='ocrx_word' id='word_1_210' title='bbox 392 3372 479 3449; x_wconf 81' lang='lat' dir='ltr'>Haec</span> <span class='ocrx_word' id='word_1_211' title='bbox 495 3385 592 3446; x_wconf 84' lang='lat' dir='ltr'>terra</span> <span class='ocrx_word' id='word_1_212' title='bbox 610 3398 688 3446; x_wconf 87' lang='lat' dir='ltr'>non</span> <span class='ocrx_word' id='word_1_213' title='bbox 705 3371 770 3447; x_wconf 91' lang='lat' dir='ltr'>diu</span> <span class='ocrx_word' id='word_1_214' title='bbox 792 3375 831 3446; x_wconf 91' lang='lat' dir='ltr'>in</span> <span class='ocrx_word' id='word_1_215' title='bbox 847 3375 1018 3456; x_wconf 85' lang='lat' dir='ltr'>intestino</span> <span class='ocrx_word' id='word_1_216' title='bbox 1041 3386 1228 3469; x_wconf 82' lang='lat' dir='ltr'>remanet3</span> <span class='ocrx_word' id='word_1_217' title='bbox 1252 3371 1384 3446; x_wconf 80' lang='lat' dir='ltr'>exinde</span> <span class='ocrx_word' id='word_1_218' title='bbox 1399 3353 1626 3471; x_wconf 80' lang='lat' dir='ltr'>pluries-per</span> <span class='ocrx_word' id='word_1_219' title='bbox 1641 3372 1759 3467; x_wconf 89' lang='lat' dir='ltr'>diem,</span> 
     </span>
     <span class='ocr_line' id='line_1_25' title="bbox 245 3493 1761 3594; baseline 0.003 -27"><span class='ocrx_word' id='word_1_220' title='bbox 245 3493 315 3569; x_wconf 90' lang='lat' dir='ltr'>sub</span> <span class='ocrx_word' id='word_1_221' title='bbox 343 3493 460 3575; x_wconf 70' lang='lat' dir='ltr'>formis</span> <span class='ocrx_word' id='word_1_222' title='bbox 486 3507 803 3572; x_wconf 85' lang='lat' dir='ltr'>excrementorum</span> <span class='ocrx_word' id='word_1_223' title='bbox 831 3497 919 3570; x_wconf 87' lang='lat' dir='ltr'>exit.</span> <span class='ocrx_word' id='word_1_224' title='bbox 953 3497 1113 3571; x_wconf 88' lang='lat' dir='ltr'>Omnino</span> <span class='ocrx_word' id='word_1_225' title='bbox 1141 3494 1267 3570; x_wconf 91' lang='lat' dir='ltr'>similis</span> <span class='ocrx_word' id='word_1_226' title='bbox 1297 3509 1351 3568; x_wconf 87' lang='lat' dir='ltr'>est</span> <span class='ocrx_word' id='word_1_227' title='bbox 1381 3508 1513 3588; x_wconf 87' lang='lat' dir='ltr'>terrae,</span> <span class='ocrx_word' id='word_1_228' title='bbox 1541 3520 1625 3594; x_wconf 83' lang='lat' dir='ltr'>quae</span> <span class='ocrx_word' id='word_1_229' title='bbox 1645 3496 1761 3583; x_wconf 82' lang='lat' dir='ltr'>‚effor-</span> 
     </span>
    </p>

    <p class='ocr_par' dir='ltr' id='par_1_5' title="bbox 218 3617 1761 4210">
     <span class='ocr_line' id='line_1_26' title="bbox 218 3617 1761 3728; baseline 0 -36"><span class='ocrx_word' id='word_1_230' title='bbox 218 3716 223 3728; x_wconf 93' lang='lat'>.</span> <span class='ocrx_word' id='word_1_231' title='bbox 247 3633 324 3703; x_wconf 86' lang='lat' dir='ltr'>mat</span> <span class='ocrx_word' id='word_1_232' title='bbox 343 3617 423 3693; x_wconf 88' lang='lat' dir='ltr'>hoec</span> <span class='ocrx_word' id='word_1_233' title='bbox 441 3618 656 3719; x_wconf 89' lang='lat' dir='ltr'>corpuscula</span> <span class='ocrx_word' id='word_1_234' title='bbox 669 3620 938 3714; x_wconf 80' lang='lat' dir='ltr'>rermiformia,</span> <span class='ocrx_word' id='word_1_235' title='bbox 956 3634 1136 3715; x_wconf 88' lang='lat' dir='ltr'>contorta,</span> <span class='ocrx_word' id='word_1_236' title='bbox 1155 3619 1381 3721; x_wconf 83' lang='lat' dir='ltr'>(aggerulos</span> <span class='ocrx_word' id='word_1_237' title='bbox 1403 3619 1614 3714; x_wconf 84' lang='lat' dir='ltr'>crispantes</span> <span class='ocrx_word' id='word_1_238' title='bbox 1635 3617 1761 3692; x_wconf 53' lang='lat' dir='ltr'>claris</span> 
     </span>
     <span class='ocr_line' id='line_1_27' title="bbox 245 3737 1761 3845; baseline -0.001 -29"><span class='ocrx_word' id='word_1_239' title='bbox 245 3743 328 3826; x_wconf 89' lang='lat' dir='ltr'>simi</span> <span class='ocrx_word' id='word_1_240' title='bbox 343 3741 533 3842; x_wconf 81' lang='lat' dir='ltr'>Mouffet)</span> <span class='ocrx_word' id='word_1_241' title='bbox 546 3744 641 3817; x_wconf 86' lang='lat' dir='ltr'>circa</span> <span class='ocrx_word' id='word_1_242' title='bbox 661 3768 790 3821; x_wconf 89' lang='lat' dir='ltr'>eorum</span> <span class='ocrx_word' id='word_1_243' title='bbox 805 3743 984 3828; x_wconf 82' lang='lat' dir='ltr'>foramina</span> <span class='ocrx_word' id='word_1_244' title='bbox 1000 3746 1128 3845; x_wconf 86' lang='lat' dir='ltr'>posita.</span> <span class='ocrx_word' id='word_1_245' title='bbox 1144 3744 1315 3817; x_wconf 88' lang='lat' dir='ltr'>Attamen</span> <span class='ocrx_word' id='word_1_246' title='bbox 1334 3737 1529 3838; x_wconf 88' lang='lat' dir='ltr'>aliquando</span> <span class='ocrx_word' id='word_1_247' title='bbox 1544 3752 1658 3832; x_wconf 89' lang='lat' dir='ltr'>terra,</span> <span class='ocrx_word' id='word_1_248' title='bbox 1677 3765 1761 3839; x_wconf 85' lang='lat' dir='ltr'>quae</span> 
     </span>
     <span class='ocr_line' id='line_1_28' title="bbox 247 3861 1759 3963; baseline -0.003 -24"><span class='ocrx_word' id='word_1_249' title='bbox 247 3864 420 3939; x_wconf 86' lang='lat' dir='ltr'>intestino</span> <span class='ocrx_word' id='word_1_250' title='bbox 443 3864 784 3963; x_wconf 87' lang='lat' dir='ltr'>comprehenditur,</span> <span class='ocrx_word' id='word_1_251' title='bbox 801 3862 997 3952; x_wconf 82' lang='lat' dir='ltr'>admodum</span> <span class='ocrx_word' id='word_1_252' title='bbox 1018 3892 1134 3956; x_wconf 78' lang='lat' dir='ltr'>crassa</span> <span class='ocrx_word' id='word_1_253' title='bbox 1149 3878 1222 3939; x_wconf 90' lang='lat' dir='ltr'>est:</span> <span class='ocrx_word' id='word_1_254' title='bbox 1249 3877 1284 3936; x_wconf 87' lang='lat' dir='ltr'>et</span> <span class='ocrx_word' id='word_1_255' title='bbox 1300 3861 1450 3963; x_wconf 90' lang='lat' dir='ltr'>quidem</span> <span class='ocrx_word' id='word_1_256' title='bbox 1466 3862 1581 3959; x_wconf 89' lang='lat' dir='ltr'>ipsam</span> <span class='ocrx_word' id='word_1_257' title='bbox 1596 3861 1759 3961; x_wconf 74' lang='lat' dir='ltr'>persaepe</span> 
     </span>
     <span class='ocr_line' id='line_1_29' title="bbox 247 3982 1760 4089; baseline -0.006 -27"><span class='ocrx_word' id='word_1_258' title='bbox 247 4013 336 4069; x_wconf 86' lang='lat' dir='ltr'>cum</span> <span class='ocrx_word' id='word_1_259' title='bbox 354 3985 487 4087; x_wconf 84' lang='lat' dir='ltr'>lapillis</span> <span class='ocrx_word' id='word_1_260' title='bbox 509 3988 857 4071; x_wconf 69' lang='lat' dir='ltr'>commixtam-ridi,</span> <span class='ocrx_word' id='word_1_261' title='bbox 875 3989 1077 4089; x_wconf 88' lang='lat' dir='ltr'>Aliquoties</span> <span class='ocrx_word' id='word_1_262' title='bbox 1098 3984 1324 4088; x_wconf 82' lang='lat' dir='ltr'>reperiebam</span> <span class='ocrx_word' id='word_1_263' title='bbox 1350 3985 1391 4062; x_wconf 84' lang='lat' dir='ltr'>iu</span> <span class='ocrx_word' id='word_1_264' title='bbox 1419 3982 1590 4059; x_wconf 84' lang='lat' dir='ltr'>intestino</span> <span class='ocrx_word' id='word_1_265' title='bbox 1613 3995 1651 4054; x_wconf 88' lang='lat' dir='ltr'>et</span> <span class='ocrx_word' id='word_1_266' title='bbox 1682 3996 1760 4054; x_wconf 85' lang='lat' dir='ltr'>sto-</span> 
     </span>
     <span class='ocr_line' id='line_1_30' title="bbox 248 4106 1758 4210; baseline -0.006 -25"><span class='ocrx_word' id='word_1_267' title='bbox 248 4109 378 4192; x_wconf 75' lang='lat' dir='ltr'>macho</span> <span class='ocrx_word' id='word_1_268' title='bbox 393 4109 555 4210; x_wconf 84' lang='lat' dir='ltr'>lapides,</span> <span class='ocrx_word' id='word_1_269' title='bbox 575 4112 659 4210; x_wconf 92' lang='lat' dir='ltr'>qui,</span> <span class='ocrx_word' id='word_1_270' title='bbox 677 4112 816 4186; x_wconf 89' lang='lat' dir='ltr'>ratione</span> <span class='ocrx_word' id='word_1_271' title='bbox 838 4112 968 4186; x_wconf 80' lang='lat' dir='ltr'>habital.</span> <span class='ocrx_word' id='word_1_272' title='bbox 980 4112 1175 4188; x_wconf 88' lang='lat' dir='ltr'>voluminis</span> <span class='ocrx_word' id='word_1_273' title='bbox 1194 4133 1432 4210; x_wconf 90' lang='lat' dir='ltr'>organorum,</span> <span class='ocrx_word' id='word_1_274' title='bbox 1450 4118 1554 4181; x_wconf 90' lang='lat' dir='ltr'>erant</span> <span class='ocrx_word' id='word_1_275' title='bbox 1569 4106 1758 4205; x_wconf 89' lang='lat' dir='ltr'>permagni</span> 
     </span>
    </p>

    <p class='ocr_par' dir='ltr' id='par_1_6' title="bbox 225 4224 1759 4706">
     <span class='ocr_line' id='line_1_31' title="bbox 225 4224 1759 4335; baseline -0.004 -29"><span class='ocrx_word' id='word_1_276' title='bbox 225 4245 288 4317; x_wconf 72' lang='lat' dir='ltr'>,et</span> <span class='ocrx_word' id='word_1_277' title='bbox 314 4231 392 4306; x_wconf 87' lang='lat' dir='ltr'>fere</span> <span class='ocrx_word' id='word_1_278' title='bbox 415 4256 558 4332; x_wconf 87' lang='lat' dir='ltr'>semper</span> <span class='ocrx_word' id='word_1_279' title='bbox 580 4233 737 4308; x_wconf 89' lang='lat' dir='ltr'>calcarii.</span> <span class='ocrx_word' id='word_1_280' title='bbox 756 4234 803 4308; x_wconf 93' lang='lat' dir='ltr'>Hi</span> <span class='ocrx_word' id='word_1_281' title='bbox 815 4234 966 4335; x_wconf 63' lang='lat' dir='ltr'>ilapides</span> <span class='ocrx_word' id='word_1_282' title='bbox 987 4249 1073 4314; x_wconf 85' lang='lat' dir='ltr'>sunt</span> <span class='ocrx_word' id='word_1_283' title='bbox 1100 4231 1285 4335; x_wconf 90' lang='lat' dir='ltr'>angulosi,</span> <span class='ocrx_word' id='word_1_284' title='bbox 1302 4228 1361 4305; x_wconf 85' lang='lat' dir='ltr'>vel</span> <span class='ocrx_word' id='word_1_285' title='bbox 1385 4226 1550 4319; x_wconf 89' lang='lat' dir='ltr'>rotundi,</span> <span class='ocrx_word' id='word_1_286' title='bbox 1573 4239 1611 4299; x_wconf 90' lang='lat' dir='ltr'>et</span> <span class='ocrx_word' id='word_1_287' title='bbox 1634 4224 1759 4300; x_wconf 86' lang='lat' dir='ltr'>nullo-</span> 
     </span>
     <span class='ocr_line' id='line_1_32' title="bbox 245 4349 1759 4457; baseline -0.004 -29"><span class='ocrx_word' id='word_1_288' title='bbox 245 4349 356 4428; x_wconf 83' lang='lat' dir='ltr'>modo</span> <span class='ocrx_word' id='word_1_289' title='bbox 385 4354 582 4440; x_wconf 78' lang='lat' dir='ltr'>deteriores</span> <span class='ocrx_word' id='word_1_290' title='bbox 612 4369 677 4441; x_wconf 84' lang='lat' dir='ltr'>aut</span> <span class='ocrx_word' id='word_1_291' title='bbox 715 4355 899 4456; x_wconf 89' lang='lat' dir='ltr'>politiores</span> <span class='ocrx_word' id='word_1_292' title='bbox 927 4355 1126 4457; x_wconf 84' lang='lat' dir='ltr'>digestione</span> <span class='ocrx_word' id='word_1_293' title='bbox 1159 4356 1259 4430; x_wconf 84' lang='lat' dir='ltr'>facti.</span> <span class='ocrx_word' id='word_1_294' title='bbox 1291 4352 1495 4445; x_wconf 89' lang='lat' dir='ltr'>Numerus,</span> <span class='ocrx_word' id='word_1_295' title='bbox 1533 4373 1602 4422; x_wconf 89' lang='lat' dir='ltr'>nec</span> <span class='ocrx_word' id='word_1_296' title='bbox 1635 4362 1759 4422; x_wconf 89' lang='lat' dir='ltr'>tamen</span> 
     </span>
     <span class='ocr_line' id='line_1_33' title="bbox 247 4468 1758 4582; baseline -0.004 -27"><span class='ocrx_word' id='word_1_297' title='bbox 247 4504 420 4580; x_wconf 82' lang='lat' dir='ltr'>magnus,</span> <span class='ocrx_word' id='word_1_298' title='bbox 444 4480 579 4557; x_wconf 84' lang='lat' dir='ltr'>variat:</span> <span class='ocrx_word' id='word_1_299' title='bbox 606 4493 678 4566; x_wconf 86' lang='lat' dir='ltr'>tres</span> <span class='ocrx_word' id='word_1_300' title='bbox 691 4481 760 4582; x_wconf 72' lang='lat' dir='ltr'>⁸vel</span> <span class='ocrx_word' id='word_1_301' title='bbox 785 4494 941 4582; x_wconf 85' lang='lat' dir='ltr'>quatuor</span> <span class='ocrx_word' id='word_1_302' title='bbox 961 4481 1007 4555; x_wconf 88' lang='lat' dir='ltr'>ad</span> <span class='ocrx_word' id='word_1_303' title='bbox 1023 4483 1225 4565; x_wconf 82' lang='lat' dir='ltr'>maximum</span> <span class='ocrx_word' id='word_1_304' title='bbox 1238 4468 1445 4564; x_wconf 80' lang='lat' dir='ltr'>numeravi.</span> <span class='ocrx_word' id='word_1_305' title='bbox 1473 4468 1542 4555; x_wconf 85' lang='lat' dir='ltr'>Sed</span> <span class='ocrx_word' id='word_1_306' title='bbox 1562 4470 1758 4569; x_wconf 64' lang='lat' dir='ltr'>,saepissime</span> 
     </span>
     <span class='ocr_line' id='line_1_34' title="bbox 247 4592 1758 4706; baseline -0.007 -30"><span class='ocrx_word' id='word_1_307' title='bbox 247 4601 287 4676; x_wconf 91' lang='lat' dir='ltr'>in</span> <span class='ocrx_word' id='word_1_308' title='bbox 314 4603 470 4704; x_wconf 81' lang='lat' dir='ltr'>organis</span> <span class='ocrx_word' id='word_1_309' title='bbox 507 4601 716 4706; x_wconf 87' lang='lat' dir='ltr'>digestionis</span> <span class='ocrx_word' id='word_1_310' title='bbox 747 4603 1027 4682; x_wconf 89' lang='lat' dir='ltr'>Lumbricorum</span> <span class='ocrx_word' id='word_1_311' title='bbox 1062 4603 1289 4683; x_wconf 87' lang='lat' dir='ltr'>terrestrium</span> <span class='ocrx_word' id='word_1_312' title='bbox 1327 4607 1527 4673; x_wconf 88' lang='lat' dir='ltr'>occurrunt</span> <span class='ocrx_word' id='word_1_313' title='bbox 1570 4592 1758 4693; x_wconf 88' lang='lat' dir='ltr'>particnlae</span> 
     </span>
    </p>

    <p class='ocr_par' dir='ltr' id='par_1_7' title="bbox 1363 4743 1384 4813">
     <span class='ocr_line' id='line_1_35' title="bbox 1363 4743 1384 4813; baseline 0 0"><span class='ocrx_word' id='word_1_314' title='bbox 1363 4743 1384 4813; x_wconf 76' lang='lat'>3</span> 
     </span>
    </p>
   </div>
   <div class='ocr_carea' id='block_1_2' title="bbox 0 0 2126 5850">
    <p class='ocr_par' dir='ltr' id='par_1_8' title="bbox 0 0 2126 5850">
     <span class='ocr_line' id='line_1_36' title="bbox 0 0 2126 5850; baseline 0 1"><span class='ocrx_word' id='word_1_315' title='bbox 0 0 2126 5850; x_wconf 95' lang='lat' dir='ltr'> </span> 
     </span>
    </p>
   </div>
  </div>
 </body>
</html>
