4244 5850
975 517 1131 621 (m)

356 713 526 768 a,e,a,e‚e.
571 686 755 757 ventriculi
778 686 971 774 posteriores
992 706 1048 755 teu
1065 686 1214 777 majorae
1440 738 1443 742 ,

346 801 525 891 11,ssssssss
551 800 622 866 Fila
646 820 704 867 seu
732 819 807 868 vasa
830 800 946 887 exigua
974 800 1094 886 quibus
1119 799 1253 888 anguis
1281 819 1321 867 ex
1350 804 1543 871 ventriculis
1575 806 1612 871 in
1642 807 1801 874 auriculas

304 914 508 999 propellitur.
1685 967 1688 971 .

344 1023 767 1115 uscar·fflfflfflffl·

347 1135 573 1214 lt,t,t,t‚t.
605 1136 835 1211 luricularum
859 1137 1025 1221 portiones
1042 1155 1116 1224 quae
1136 1137 1178 1203 ael
1189 1137 1324 1204 domum
1343 1140 1555 1225 perveniunt,
1570 1141 1627 1206 ubi
1648 1156 1798 1209 commu-

301 1250 416 1313 nicant
435 1268 512 1313 cum
531 1249 667 1330 meria,
687 1268 759 1332 ope
1086 1321 1089 1325 ,

346 1362 518 1438 r'i‚i,r',i,r'.
555 1361 688 1427 filorum
711 1382 768 1426 seu
786 1378 936 1427 rasam
954 1359 1154 1446 exiguarum.

346 1470 566 1549 athath
593 1471 863 1539 llrtumescentiae
890 1473 1128 1540 mouililormes
1149 1472 1377 1538 canicularum

368 1609 411 1652 m.
457 1585 585 1651 Arteria
605 1584 742 1650 dorsalis
758 1605 837 1650 cum
860 1586 1016 1653 mriculis
1036 1585 1292 1671 correspondens
1314 1595 1347 1650 et
1369 1589 1620 1654 communicans

538 1810 542 1819 ,
949 1740 1081 1834 Fipatro
1114 1762 1144 1809 a.

346 1853 622 1937 Proepamtiouem
643 1853 861 1918 anatomicam
882 1856 1015 1922 exhibet
1038 1877 1189 1922 rasorum
1209 1855 1468 1941 sauguilerorum
1487 1858 1696 1942 typhlosalis,
1724 1883 1797 1948 quae

303 1986 392 2046 vasa,
414 1964 557 2048 exceptis
571 1973 682 2028 tamen
701 1964 932 2050 anterioribus,
954 1968 1053 2033 latere
1072 1967 1210 2031 abscissa
1227 1975 1305 2031 sunt
1324 1975 1358 2031 et
1375 1968 1533 2053 sauguine
1553 1989 1660 2034 sacua
1681 1970 1800 2039 versus

303 2087 428 2161 partam
447 2077 662 2158 anteriorem,
690 2076 891 2159 conspicitur
918 2079 1045 2143 arteria
1067 2077 1204 2143 dorsalis
1228 2077 1334 2160 portio
1359 2098 1399 2141 ex
1425 2078 1491 2164 qual
1512 2089 1688 2166 exsurgunt
1714 2084 1797 2148 rami

301 2199 367 2253 tres
380 2189 520 2273 majores
538 2186 810 2274 longitudiuales,
828 2207 905 2252 cum
921 2189 1040 2274 quibus
1058 2185 1302 2253 communicant
1317 2188 1423 2252 multa
1446 2208 1521 2253 rasa
1541 2189 1668 2257 minora
1690 2201 1800 2259 nans

301 2320 394 2365 versa
407 2300 547 2364 circulos
565 2297 702 2363 totidem
711 2299 901 2382 efficientia3
920 2301 963 2364 ad
977 2298 1257 2384 partammediam
1271 2306 1304 2363 et
1320 2299 1546 2384 posteriorem,
1563 2322 1638 2367 rasa
1655 2304 1800 2370 lateralia
1856 2320 1863 2335 ·

302 2422 486 2477 transversa
495 2419 616 2476 resecta
624 2419 716 2494 sunt,
729 2419 763 2476 et
772 2411 904 2498 sanguis
916 2413 1056 2496 effluxit,
1071 2431 1138 2499 quo
1152 2411 1371 2475 nihilominus
1383 2421 1493 2477 tamen
1506 2411 1589 2480 bene
1602 2416 1800 2500 conspicitur

300 2523 493 2588 membrana
518 2543 670 2590 rasorum
699 2524 880 2606 peculiuis
922 2525 1119 2609 Praepamtio
1143 2521 1289 2611 quinque
1307 2522 1493 2615 ¹diametris,
1509 2543 1570 2608 ope
1595 2525 1797 2611 mnroaeopii

301 2634 529 2717 amplificatur.
959 2629 966 2638 ’

950 2722 1078 2813 Fipura
1114 2723 1145 2789 5.

354 2832 544 2900 Portiouem
574 2840 736 2898 monstrat
768 2834 897 2901 arteria
927 2834 1064 2902 dorsalis
1097 2845 1131 2901 et
1168 2832 1442 2900 ramificatiouum
1472 2831 1708 2899 intestiualium
1743 2857 1797 2903 sex

300 2947 407 3032 paria,
430 2955 469 3011 ut
492 2955 645 3031 appareat
666 2946 918 3013 communicatio
941 2948 1080 3015 istorum
1094 2967 1245 3012 rasorum
1266 2966 1342 3010 cum
1366 2946 1484 3010 arteria
1498 2946 1616 3011 dorsali
1639 2966 1699 3030 ope
1717 2967 1798 3014 cou-

300 3061 489 3126 strictorum
510 3058 665 3125 arborum
684 3058 743 3145 qui
764 3058 800 3122 iu
819 3058 923 3146 figura
946 3083 974 3127 1.
991 3060 1113 3126 tabulae
1138 3056 1263 3140 xxm,
1283 3056 1318 3120 in
1339 3064 1546 3140 conspectum
1564 3076 1632 3121 non
1649 3058 1794 3124 veniunt.

958 3168 1086 3262 qua
1110 3167 1142 3233 4.

346 3281 388 3346 In
404 3288 467 3346 hac
485 3279 590 3367 ligura
609 3279 794 3346 delineatur
812 3280 954 3347 vesicula
968 3285 1067 3346 &aa
1087 3277 1283 3359 cumensis,
1302 3296 1364 3359 ope
1382 3275 1584 3359 microscopii
1604 3285 1705 3342 aucta
1736 3307 1742 3315 ¹

950 3389 1082 3484 Fipora
1119 3391 1150 3456 5.

347 3505 388 3570 ln
400 3514 610 3589 conspectum
632 3503 688 3568 hic
706 3504 846 3571 veniunt
868 3525 944 3571 rasa
958 3503 1143 3590 sanguiiara
1160 3499 1287 3566 nervosi
1306 3498 1449 3563 'funiculi
1465 3501 1557 3584 cujus
1574 3497 1706 3564 abscissi
1722 3510 1797 3566 sunt

301 3619 395 3685 nervi
413 3619 569 3683 laterales.
591 3618 631 3682 In
648 3617 758 3682 medio
773 3625 908 3702 apparet
927 3615 1047 3682 arteria
1067 3610 1379 3679 nemaeo-reutralis
1394 3609 1546 3692 simplex,
1560 3618 1593 3674 et
1607 3610 1796 3676 adulteram

303 3734 354 3796 rel
374 3731 557 3816 oppositam
572 3738 698 3814 partem
722 3730 831 3813 nervi,
861 3728 986 3794 eminet
1003 3726 1112 3810 portio
1139 3721 1408 3789 venae-vennatis
1429 3740 1485 3785 seu
1503 3740 1594 3786 venae
1613 3740 1708 3786 cavae.
1749 3723 1797 3787 ld

301 3854 409 3927 partes
437 3853 546 3909 autem
574 3843 736 3926 laterales,
770 3842 1078 3907 animadvertuntur
1099 3858 1191 3904 venre
1224 3823 1525 3901 neruoso-laterales
1553 3833 1626 3897 duae
1658 3853 1794 3918 quarum

304 3958 387 4021 rami
407 3958 555 4022 laterales
577 3956 767 4020 alternatim
787 3955 929 4020 duorum
947 3952 1096 4037 parium,
1114 3948 1302 4015 alternatim
1323 3945 1422 4010 unius
1443 3944 1532 4031 paris
1544 3962 1703 4029 numero,
1720 3964 1797 4011 uer·

305 4086 361 4131 ros
381 4068 643 4135 concomitantur
662 4076 695 4134 et
715 4068 750 4132 in
767 4067 985 4133 vesicularum
1003 4066 1168 4129 aerearum
1191 4058 1415 4124 membranam
1438 4057 1637 4123 dividuntur.

936 4219 1165 4288 amm

770 4347 1336 4450 (mmoemmp

599 4512 807 4563 mammo
828 4506 1028 4563 sanonum.
1052 4529 1077 4543 ··
1092 4506 1284 4558 taumate
1304 4499 1503 4552 mum.

955 4622 1001 4690 F·
1120 4648 1153 4691 a.

354 4728 486 4797 Gatteta
505 4740 672 4823 “signinis
693 4762 769 4807 mox
786 4764 804 4808 e
823 4763 897 4808 rasa
915 4648 1087 4824 eliaam
1106 4734 1274 4804 diametris
1292 4727 1502 4811 microscopio
1516 4734 1615 4791 aucta.
1633 4725 1670 4790 ln
1686 4733 1795 4790 cauno
