4244 5850
1066 514 1083 614 (
1110 517 1185 610 142
1208 516 1226 614 )

397 680 588 781 posteriori
611 679 806 754 ventriculi
827 679 1052 754 adhereret:
1075 680 1174 781 quod
1193 680 1405 757 relationem
1427 680 1603 759 directam
1627 684 1819 762 interduo
1840 685 1903 763 ilh

397 830 531 906 organa
555 801 809 876 constituebat.
832 802 983 902 Papiliae
1002 804 1117 903 magis
1139 803 1260 879 adbuc
1282 818 1386 878 erant
1406 804 1586 882 distinctae
1601 832 1713 906 quam
1728 809 1770 881 in
1783 810 1904 885 Isum-

396 924 497 998 brico
515 923 743 1023 praecedente
763 938 801 997 et
826 926 936 1000 ctiam
957 924 1123 1025 quedam
1151 939 1256 998 erant
1279 928 1427 1000 omnino
1449 926 1589 1001 solute.
1622 928 1749 1019 Quum
1769 928 1902 1007 leviter

395 1059 618 1145 premuntur
644 1045 718 1119 fflae
741 1045 907 1146 papillae,
929 1046 1148 1146 rediguntur
1170 1049 1210 1120 in
1231 1046 1382 1148 pulpam
1409 1047 1519 1147 paulo
1539 1050 1814 1142 consistentem,
1832 1049 1904 1125 sss-

396 1192 479 1239 ιιιιιι
488 1192 694 1265 ,30pacam
715 1191 833 1265 quum
850 1191 936 1239 sero
954 1167 1221 1242 submittuntur
1242 1170 1496 1262 macerationi,
1515 1169 1714 1262 inflantur,
1739 1171 1904 1247 induunt

399 1288 508 1361 telam
530 1287 751 1362 lamellosam
775 1289 1018 1383 uniformem3
1041 1293 1182 1363 siccate
1203 1290 1451 1388 rediguntur
1441 1317 1479 1363 ιιι
1501 1289 1693 1390 pulverem
1709 1295 1776 1390 qni
1795 1291 1903 1442 digiti

398 1407 519 1482 colore
538 1407 633 1483 ssavo
649 1410 790 1499 induit;
822 1409 942 1508 pulvis
963 1409 1025 1505 ifle
1045 1437 1120 1485 non
1143 1411 1316 1485 abundat.

446 1532 502 1604 Ex
514 1531 664 1606 diversis
676 1533 934 1606 variationibus
943 1559 1034 1633 quas
1052 1534 1150 1607 subit
1162 1533 1254 1608 1llud
1269 1558 1466 1633 organum,
1484 1533 1634 1605 fortasse
1648 1488 1770 1634 colligi
1784 1486 1905 1634 ponet

398 1679 569 1758 quaenm
590 1657 664 1728 sint
684 1653 784 1729 illius
802 1655 1024 1729 functiones.
1051 1656 1129 1729 Hoc
1153 1680 1199 1730 ex
1223 1655 1302 1729 aliis
1321 1655 1517 1730 observatis
1538 1654 1689 1755 patebit.

397 1818 497 1893 vm.
545 1821 612 1894 De
630 1821 911 1922 clrlorogogend
925 1819 1116 1923 (χλωρος,
1136 1821 1497 1920 viridioflavescens
1513 1824 1579 1894 et
1567 1823 1713 1921 αγωγῆ,
1729 1821 1881 1896 detur.
1891 1822 1909 1923 )

171 1974 291 2029 ssim
292 1973 382 2027 εἰπ-
453 1965 742 2066 (bloragogeua
765 1981 820 2040 est
841 1994 1019 2068 organum
1044 1968 1273 2044 observatum
1294 1992 1314 2038 ιι
1336 1964 1412 2038 Cel.
1433 1966 1559 2053 Redi,
1586 1967 1651 2038 De
1666 1966 1905 2054 Blcirwille,⁸

221 2043 341 2096 m
398 2087 548 2176 Home,
574 2103 644 2162 etc
677 2089 750 2163 Sed
774 2089 829 2163 illi
858 2104 1023 2166 auctores
1046 2093 1116 2192 ipsi
1146 2090 1303 2167 diversas
1328 2087 1540 2161 tribuerunt
1565 2087 1784 2161 functiones.
1821 2086 1907 2163 Huc

398 2235 518 2312 usque
541 2211 637 2284 nibil
658 2212 749 2285 certi
777 2211 824 2286 de
850 2213 921 2287 boe
942 2215 1088 2290 vasculo
1116 2215 1190 2289 fuit
1212 2214 1363 2288 dictum.
1393 2211 1448 2284 Cl.
1474 2211 1612 2284 Redi
1602 2237 1722 2310 ipsum
1747 2208 1908 2287 babebat

399 2344 573 2431 tanquam
602 2333 853 2407 extensionem
875 2335 1042 2409 intestini
1063 2339 1102 2409 in
1125 2336 1317 2427 intestino,
1341 2358 1423 2434 quae
1452 2332 1639 2431 personam
1660 2333 1824 2405 tunicam
1843 2318 1909 2407 in-²
1933 2332 1937 2339 ’

399 2454 522 2528 testini
544 2467 752 2549 externum,
774 2457 814 2528 in
837 2458 1064 2533 stomachum
1086 2457 1315 2549 extenditur,
1338 2469 1376 2529 et
1393 2480 1470 2528 sese
1489 2480 1615 2530 versus
1637 2468 1748 2555 ceput
1768 2442 1908 2557 dirigit

400 2575 495 2676 (fig.
520 2577 557 2651 5.
583 2578 662 2651 tob.
688 2578 780 2677 11.)
805 2578 860 2652 Cl.
885 2582 949 2653 De
975 2583 1190 2654 Blcinville
1215 2582 1334 2678 ipsum
1358 2575 1560 2649 considerat
1581 2590 1754 2676 tanquam
1774 2588 1911 2652 venam

400 2699 676 2772 mesentericam
708 2713 747 2772 et
773 2698 862 2773 dicit
886 2701 1010 2801 plures
1040 2715 1204 2775 auctores
1238 2699 1293 2772 illi
1322 2697 1528 2771 functiones
1557 2697 1699 2797 hepatis
1724 2696 1907 2775 tribuisse.

400 2818 611 2894 Secundum
632 2819 778 2894 huncce
803 2833 1009 2916 auctorem,
1037 2820 1130 2895 illud
1155 2845 1332 2919 organum
1354 2818 1565 2894 extenditur
1591 2804 1912 2896 tantummodo'iri

256 3014 269 3029 ,
401 2941 533 3016 faciem
543 2941 753 3015 inferiorem
767 2941 900 3015 canalis
912 2942 1142 3036 intestinalis,
1153 2940 1269 3016 donec
1281 2930 1501 3015 contrarium
1515 2967 1640 3017 revera
1649 2941 1772 3016 locum
1781 2940 1909 3018 habet.

401 3063 519 3141 Credo
542 3063 643 3140 bunc
656 3088 732 3138 esse
746 3065 1047 3167 typographicam
1065 3089 1236 3140 errorem.
1259 3065 1428 3163 Denique
1442 3062 1497 3135 Cl.
1514 3064 1665 3150 Home,
1683 3064 1722 3136 in
1738 3054 1913 3139 disserta-⁴

401 3187 502 3260 tione
517 3186 581 3261 sub
599 3185 646 3260 de
660 3187 803 3286 organis
819 3188 1060 3288 generationis
1075 3185 1279 3280 Lumb'rici‚
1292 3185 1381 3259 dicit
1397 3183 1705 3284 Chloragogenam
1721 3202 1797 3257 esse
1814 3182 1914 3260 due-

402 3320 482 3382 tum
504 3309 761 3382 inservientem
785 3309 832 3382 ad
855 3308 1015 3411 juniores
1034 3308 1246 3382 Lumbricos
1261 3309 1336 3382 sive
1357 3333 1423 3382 ova
1442 3332 1487 3379 ex
1504 3307 1626 3382 ovario
1644 3305 1758 3408 ejecte
1780 3319 1820 3380 et
1840 3331 1913 3381 ex-

404 3428 522 3522 clusa,
540 3430 580 3502 in
599 3428 748 3503 cellulas
764 3427 929 3503 laterales
945 3429 1236 3530 propellendum.
1256 3429 1463 3503 Arbitratur
1473 3429 1575 3504 hunc
1591 3428 1744 3504 ductum
1760 3428 1914 3506 extendi

402 3552 605 3626 secundum
628 3551 760 3626 faciem
783 3550 958 3626 dorsalem
979 3553 1141 3626 intestini
1166 3554 1267 3626 etin
1292 3550 1459 3625 universl
1480 3550 1560 3652 ejus
1582 3550 1834 3648 amplitudine.
1869 3551 1913 3626 ln

404 3672 474 3748 htc
495 3675 708 3773 opinionum
729 3672 953 3764 diversitate,
975 3698 1047 3746 non
1068 3672 1200 3747 inutile
1221 3671 1463 3775 judicavimus
1484 3665 1575 3743 hnic
1589 3695 1722 3770 organo
1746 3668 1914 3746 tribuere

404 3819 541 3869 nomen
568 3793 667 3895 quod
693 3792 833 3867 nullam
861 3793 940 3896 ejus
967 3793 1200 3868 functionum
1230 3807 1357 3893 utpote
1383 3792 1575 3866 latentium
1603 3791 1813 3884 denotaret,
1846 3790 1916 3868 scd

405 3943 523 3993 unum
546 3941 591 3991 ex
613 3914 693 4019 ejus
711 3916 864 3990 criteriis
882 3914 1058 4018 physicis,
1082 3914 1219 3988 scilicet
1238 3913 1336 4014 quod
1358 3917 1405 3987 sit
1425 3913 1573 4008 ductus,
1598 3912 1730 3987 canolis
1744 3911 1806 3989 vel
1825 3938 1916 3993 ιιι·

406 4040 533 4116 culum
558 4040 687 4115 coloris
706 4039 830 4115 viridis
855 4037 1091 4114 flavescentis.
1180 4084 1186 4095 -
1905 4048 1910 4057 '

246 4193 371 4253 omo„
456 4162 727 4263 Cbloragogena
752 4162 925 4235 inseritur
951 4160 992 4233 in
1021 4157 1270 4260 pbaryngem‚
1300 4154 1331 4228 si
1360 4168 1532 4255 tanquam
1561 4165 1741 4253 punctum
1768 4153 1917 4233 initiale

405 4282 581 4359 habemus
607 4280 748 4377 locum,
781 4281 846 4357 ubi
872 4283 1057 4357 innumeri
1086 4277 1285 4356 ramusculi
1307 4274 1583 4380 conjunguntur
1610 4290 1649 4349 et
1672 4275 1837 4351 canalem
1860 4272 1917 4354 'si-

406 4429 561 4481 nuosum
584 4404 788 4481 efformant.
826 4404 986 4478 Fortdsse
1014 4402 1223 4479 membrana
1253 4414 1401 4474 esterna
1426 4398 1621 4500 phnryngis
1644 4414 1699 4473 est
1730 4402 1915 4478 terminus

410 4524 473 4601 ubi
495 4526 686 4605 divisiones
710 4526 982 4628 chloragogenae
1004 4526 1194 4619 desinunt,
1217 4549 1333 4626 quum
1353 4521 1432 4595 baec
1450 4520 1697 4595 consideratur
1715 4520 1834 4597 veluti
1850 4548 1916 4599 or-

410 4670 545 4747 ganum
561 4646 776 4753 digestivum
790 4646 895 4752 cnjus
905 4648 1053 4723 inserno
1068 4649 1107 4721 in
1123 4647 1337 4727 intestinum
1355 4640 1522 4719 efficitur.
1543 4642 1619 4718 Ille
1634 4634 1916 4722 ramificntiones
