4244 5850
1086 540 1101 640 (
1127 541 1240 661 rsa)

419 715 459 787 in
474 711 680 813 superficies
694 708 940 808 amplitudinis
954 707 1199 781 determinatae
1224 708 1451 808 recipientia,
1471 706 1652 785 branchiis
1671 684 1792 791 lucrm
1808 732 1907 818 prae-

342 932 345 940 ,
419 832 518 907 bent.
545 833 637 902 Duae
657 829 727 901 illae
749 828 874 901 classes
893 828 1023 902 deiude
1043 830 1315 928 distinguuntur
1335 831 1677 909 considerationibus
1698 835 1744 911 ab
1764 840 1907 940 organis

420 953 652 1054 respit-storiis
683 950 820 1022 alienis

468 1076 512 1147 ln
527 1071 782 1161 Annalidibus,
803 1073 935 1144 ιὸιιιιο
956 1071 1109 1144 efficitur
1130 1098 1195 1170 per
1215 1072 1350 1170 species
1371 1008 1624 1148 branchiorum
1644 1088 1682 1151 et
1701 1078 1739 1151 in
1753 1079 1907 1177 qnibrn-

419 1195 502 1267 dam
526 1191 727 1290 speciebus,
750 1215 816 1288 per
841 1216 957 1262 saccos
984 1205 1049 1264 aut
1074 1191 1220 1264 cellulas
1241 1191 1405 1264 laterales
1432 1192 1730 1267 membranaceas.
1766 1199 1906 1275 Eorum

419 1315 563 1411 sanguis
584 1325 639 1384 est
660 1311 787 1401 ruber,
810 1311 872 1382 sed
892 1314 1071 1408 quaeritur
1088 1340 1133 1384 au
1154 1312 1257 1384 illum
1277 1313 1431 1386 colorem
1449 1314 1597 1388 inducat
1615 1319 1654 1391 in
1673 1321 1817 1418 organis
1829 1347 1909 1398 rm-

419 1434 613 1533 piratoriis3
638 1457 685 1501 an
709 1454 793 1502 vero
817 1443 953 1502 naturae
978 1430 1056 1532 ejus
1080 1430 1280 1503 inhaereat?
1301 1432 1355 1528 (1)
1376 1448 1447 1505 etc.

468 1555 604 1626 lnsecta
629 1552 747 1623 omnia
774 1550 949 1623 dili'erunt
971 1551 1015 1623 ab
1032 1550 1256 1623 animalibus
1280 1551 1425 1625 illarum
1457 1552 1642 1648 classium,
1674 1559 1909 1658 respiratione

419 1699 488 1776 ope
512 1673 738 1746 traclrearurn
763 1671 903 1743 effecta.

467 1793 670 1890 Denique
660 1817 698 1863 ιιι
721 1789 857 1862 ultimis
885 1789 1048 1863 classium
1075 1792 1290 1865 inferiorum
1322 1791 1559 1911 animalibus,
1590 1795 1682 1869 cutis
1707 1799 1832 1874 reveri
1857 1803 1909 1875 ita

420 1914 645 1990 modificatur
668 1924 712 1985 ut
731 1913 856 2011 organi
877 1914 1064 1984 ae'ratiouis
1092 1916 1185 1987 vices
1207 1927 1300 2012 agat.

954 2166 1120 2240 suono
1170 2164 1367 2257 omnm.

454 2373 763 2448 ,erramus
785 2373 1174 2475 crncorarronrs
1194 2374 1304 2441 aur
1321 2372 1547 2442 srsrnnA
1571 2375 1879 2452 associans.

472 2585 600 2658 Modus
623 2582 895 2656 circulationis
886 2610 923 2653 ιιι
946 2584 1199 2674 Anuelidibus,
1223 2582 1557 2681 quemadmodum
1546 2611 1617 2686 qam
1639 2585 1870 2681 observavi,
1858 2602 1911 2664 ιιι

395 2707 446 2782 ’.ι
465 2706 571 2779 modo
594 2703 835 2776 circulationis
850 2717 1010 2775 ceterum
1026 2703 1237 2775 animalium
1258 2702 1396 2793 differt,
1423 2716 1467 2775 ut
1488 2703 1547 2776 illa
1566 2705 1683 2778 classis
1703 2709 1911 2783 immediate

415 2841 503 2928 ⁴post
523 2823 721 2900 vertebrato
739 2822 914 2895 Animalia
937 2822 1189 2914 collocaretur,
1211 2825 1254 2896 si
1262 2838 1413 2924 systema
1433 2786 1615 2899 vasculare
1631 2841 1800 2927 tanquam
1819 2829 1914 2906 basis
1966 2894 1972 2901 .

423 2947 697 3024 classilicationis
719 2942 924 3015 haberetur.
953 2943 1058 3015 Color
1079 2946 1277 3043 sanguinis,
1301 2943 1382 3017 dnae
1403 2946 1539 3042 species
1559 2946 1782 3047 vasculorum
1807 2949 1914 3026 clau·

422 3082 544 3144 sorum
571 3066 703 3166 quibus
719 3066 925 3137 continetur
944 3077 992 3135 ct·
1005 3074 1161 3161 quorum
1181 3089 1254 3138 una
1277 3090 1358 3162 pars
1379 3063 1483 3137 illum
1505 3064 1682 3164 liquorem
1707 3091 1913 3145 versuscor

421 3189 586 3277 reducit,
601 3201 639 3260 et
655 3186 763 3258 altera
781 3183 884 3258 illum
903 3183 1005 3256 abeo
1021 3185 1181 3284 repellit,
1198 3185 1284 3259 huic
1301 3184 1575 3258 distinctioniet
1595 3185 1812 3261 Annelidum
1825 3201 1913 3264 curli

423 3309 632 3385 vertebratis
649 3307 843 3379 admotioni
863 3305 1044 3397 faverent,
1061 3305 1175 3378 donec
1193 3304 1321 3377 modus
1335 3306 1593 3404 respirationis,
1611 3306 1788 3379 confectio
1804 3330 1913 3409 orga·
2014 3364 2021 3379 .

418 3456 555 3504 uorum
583 3427 693 3527 liujus
716 3427 934 3516 functionis,
959 3426 1085 3498 modus
1108 3428 1296 3499 nicationis
1316 3425 1518 3524 sanguinis,
1543 3426 1637 3524 ipsas
1664 3427 1914 3503 invertebratia

416 3551 546 3625 minus
570 3548 737 3646 perlectis
761 3546 1004 3619 admoverent.
1035 3549 1108 3618 Etsi
1131 3559 1281 3647 systema
1308 3544 1492 3619 vasculare
1517 3547 1624 3619 etiam
1652 3548 1691 3619 in
1712 3534 1914 3622 Lunabric‘n

423 3671 470 3744 sit
490 3668 695 3767 evolutum,
718 3692 791 3739 non
816 3679 937 3739 tamen
963 3665 1117 3740 vidimus
1138 3670 1176 3741 in
1202 3667 1271 3738 illis
1295 3691 1355 3737 cor
1376 3667 1521 3764 proprie
1549 3668 1600 3738 sic
1622 3666 1771 3740 dictum.
1805 3666 1915 3743 Cete-

421 3789 528 3879 riun,
543 3788 710 3860 historici
725 3788 950 3860 institutione
969 3785 1079 3886 liujus
1091 3786 1286 3859 functionis
1296 3785 1477 3883 expositi,
1494 3784 1745 3859 exhibebimus
1758 3785 1915 3867 forman

423 3927 463 3987 et
487 3911 720 3983 directionem
744 3909 1008 4008 praecipuorum
1034 3906 1260 3980 vasculorum
1284 3905 1586 4003 sanguiierorum.
1884 3922 1887 3927 '

224 4034 379 4158 ttipqquo
383 4029 426 4086 in·
476 4031 531 4103 Cl.
565 4031 644 4098 W
630 4055 643 4100 ι
645 4031 710 4101 llis
742 4042 880 4101 motum
911 4024 1191 4101 circulationis
1181 4050 1220 4098 ιιι
1248 4024 1450 4099 Lumbricis
1479 4025 1747 4122 observaverat,
1784 4018 1915 4129 bisque

494 4285 534 4352 (ι)
552 4285 586 4337 ln
608 4279 736 4335 omnibus
755 4279 810 4334 sera
826 4279 1009 4344 animalibus,
1028 4296 1074 4333 cor
1091 4279 1187 4349 recipit
1197 4278 1372 4351 sanguinem,
1391 4295 1476 4350 quam
1493 4278 1618 4332 nondam
1637 4277 1722 4333 anbiit
1734 4276 1918 4335 modificatio·

426 4392 475 4431 aea
495 4374 566 4428 aeria
579 4371 608 4426 ri
630 4371 801 4443 tribuendae,
824 4370 969 4441 ipapmqua
987 4370 1085 4425 deinde
1103 4371 1232 4442 propellit
1254 4371 1282 4423 in
1300 4385 1419 4441 organa,
1446 4368 1493 4422 nbi
1511 4368 1568 4422 bec
1587 4368 1631 4422 vis
1648 4377 1802 4423 exercetur:
1818 4366 1865 4423 aut
1883 4368 1918 4425 h

428 4455 596 4527 Lunitrricia,
619 4461 728 4532 sanguia
749 4464 802 4526 jaan
826 4460 882 4513 a'e'ri
898 4448 952 4513 suit
973 4460 1112 4531 expositus
1129 4478 1214 4532 quum
1235 4460 1264 4514 in
1286 4478 1332 4515 cor
1351 4458 1462 4525 delinit,
1479 4459 1553 4531 qaod
1576 4474 1639 4513 eum
1657 4456 1756 4511 deinde
1775 4452 1807 4511 ιι
1820 4472 1918 4531 outae

429 4554 549 4625 eorporis
565 4563 655 4623 partes
667 4551 815 4624 propellit,
836 4549 866 4607 vi
884 4550 1017 4621 peculiari
1033 4552 1253 4607 membranarum
1268 4550 1368 4624 quibua
1384 4558 1499 4605 constat.
1513 4545 1611 4618 (vids
1626 4545 1740 4601 niuea
1757 4532 1800 4600 Cl-
1813 4544 1918 4603 M

430 4660 499 4701 aaa.
517 4644 614 4713 itaq).
