4244 5850
904 2105 970 2178 ΙΙ.
1027 2104 1234 2177 Circulatio
1263 2129 1416 2175 venosa.

288 2274 673 2389 W'Apparatus
705 2268 949 2343 circulationis
979 2291 1120 2338 venosae
1151 2265 1336 2339 Lumbrici
1366 2281 1522 2360 constat,
1551 2273 1608 2345 nti
1638 2270 1711 2374 jam
1740 2273 1915 2370 diximus,

288 2317 536 2466 μωίήιιω
556 2389 706 2466 vasculis
719 2385 1042 2487 longitudinalibus
1060 2410 1142 2482 quae
1160 2386 1199 2456 in
1217 2387 1403 2460 infinitum
1418 2388 1711 2467 subdividuntur.
1735 2393 1916 2471 Numerus

421 2537 598 2586 venarum
619 2513 732 2609 igitur
752 2509 849 2580 idem
873 2520 927 2580 est
948 2531 990 2578 ac
1012 2530 1188 2578 numerus
1209 2509 1423 2580 arteriarum
1432 2515 1631 2611 ,exceptis
1654 2515 1795 2612 exiguis
1821 2514 1917 2589 divi-

420 2630 592 2704 sionibars.
631 2627 800 2698 Vidimus
832 2624 1086 2698 validissimam
1114 2625 1245 2697 harum
1275 2649 1451 2700 venarum
1481 2624 1800 2729 longitudinnlium
1839 2657 1916 2707 esse

421 2774 552 2826 venam
584 2772 708 2821 cavam
743 2745 927 2817 clarissimi
962 2743 1071 2827 Cari,
1109 2743 1206 2840 quod
1230 2769 1363 2817 nomen
1392 2771 1437 2819 eo
1459 2747 1645 2823 lubentius
1669 2750 1916 2844 admittimus,

421 2869 520 2971 quod
549 2890 748 2969 cognomen
776 2888 955 2938 venarum
975 2863 1259 2958 pulmonariam
1280 2864 1445 2938 dabimus
1471 2870 1572 2941 venis
1597 2868 1920 2967 longitudinalibns

421 3016 578 3092 quarum
608 2987 881 3061 ramificationes
908 2982 1072 3057 laterales
1103 2998 1324 3057 evanescunt
1356 2988 1395 3059 in
1421 2987 1647 3061 membranas
1675 2989 1919 3065 vesiculamm

422 3115 609 3184 aerearum
634 3107 766 3180 stillas
785 3130 895 3181 venas
916 3105 1146 3204 pulmonares
1171 3104 1375 3180 dividemus
1395 3108 1436 3180 in
1453 3106 1598 3182 dextras
1618 3121 1656 3182 et
1673 3110 1830 3182 sinistras
1850 3133 1917 3209 pro

423 3230 567 3303 illarum
596 3228 784 3328 positione.

197 3378 317 3500 cultiecrilt
317 3374 398 3498 egula
473 3350 528 3421 Ex
561 3348 618 3419 his
653 3359 754 3445 patet
786 3343 1023 3417 Lumbricum
1059 3358 1265 3420 terrestrem
1299 3345 1562 3444 quodammodo
1592 3348 1639 3421 ab
1663 3348 1841 3423 Hirudine
1879 3361 1920 3422 et

197 3465 259 3567 {⁸0¹3
306 3463 406 3587 „mm
350 3442 639 3566 ⁰¹*Erpobdelhl
662 3463 801 3562 vulgari
822 3463 980 3536 differre
1006 3465 1182 3538 Etenim
1173 3491 1212 3541 ιιι
1235 3465 1376 3541 duobus
1390 3466 1446 3540 his
1461 3468 1693 3562 animalibus,
1715 3494 1818 3544 venes
1834 3468 1919 3544 due

198 3529 395 3702 ffinssmfiffl
396 3590 601 3678 esistunt,
628 3611 701 3659 una
725 3583 771 3659 ab
793 3597 948 3683 utroque
975 3586 1106 3678 latere,
1128 3600 1166 3659 et
1189 3588 1285 3659 inter
1304 3611 1343 3660 se
1351 3603 1572 3688 congruunt
1592 3575 1810 3663 anastomoae
1832 3615 1921 3664 sno-

425 3732 510 3783 rum
544 3704 770 3781 vasoulorum
798 3728 1019 3777 ramosorum
1032 3705 1170 3806 ,quod
1196 3707 1349 3780 reticulo
1378 3734 1510 3783 venosa
1535 3709 1654 3783 locum
1689 3708 1921 3809 proebet.1n

427 3825 663 3928 Erpobdella,
679 3851 807 3900 cursus
821 3826 1006 3924 sanguinis
1022 3840 1077 3900 est
1095 3828 1268 3927 perfacile
1284 3828 1432 3902 visibilis
1450 3842 1489 3901 et
1503 3853 1605 3904 venas
1623 3828 1791 3902 laterales·
1800 3841 1921 3901 ιιιιιι-

425 3950 578 4021 mittunt
600 3946 812 4046 sanguinem
835 3945 882 4019 ad
904 3972 983 4039 cor,
1005 3960 1106 4019 motu
1130 3946 1352 4020 undabundo
1373 3947 1566 4045 periodico.

231 4091 400 4148 niterensis
476 4069 519 4142 In
545 4066 741 4141 Lumbrico
761 4068 963 4166 reperimus
983 4066 1223 4140 differentiam
1243 4065 1440 4141 admodum
1460 4065 1654 4139 notabilem
1674 4067 1770 4138 inter
1792 4065 1922 4138 erad-

229 4159 390 4217 voluminis.
428 4186 573 4262 tndincs
588 4198 733 4259 mutuas
754 4185 982 4260 vasculorum
998 4210 1225 4260 venosorum.
1243 4187 1346 4260 Vena
1361 4212 1447 4261 cava
1468 4185 1660 4285 aliqnando
1678 4183 1791 4257 tribus
1810 4184 1921 4257 tantis

429 4307 601 4409 majorem
623 4331 733 4406 quam
753 4330 844 4381 vena
877 4304 1098 4403 pulmonaris
1118 4305 1227 4379 habet
1252 4304 1528 4405 amplitudinem
1555 4318 1592 4378 et
1616 4305 1781 4379 vicissim·
1809 4303 1921 4394 Quod

429 4427 476 4501 ad
497 4426 683 4502 vasculum
707 4425 862 4498 inferius
886 4423 940 4497 Cl.
975 4424 1065 4498 cari
1084 4439 1243 4525 spectat,
1259 4425 1378 4526 quod,
1404 4426 1460 4499 uti
1486 4426 1557 4517 ait,
1582 4436 1637 4496 est
1659 4435 1771 4495 tenue
1796 4433 1835 4495 et
1857 4445 1921 4495 re-

430 4548 571 4647 pletum
587 4548 762 4646 sangiune
777 4547 889 4646 magis
903 4545 1075 4641 colorato,
1092 4547 1203 4622 credo
1213 4546 1306 4622 illud
1320 4544 1413 4618 nihil
1430 4543 1535 4618 aliud-
1545 4565 1621 4616 esse
1636 4564 1748 4640 qnam
1759 4552 1918 4621 noelnm
