4244 5850
905 507 1059 609 (aaa)

227 678 350 772 versa,
375 678 439 778 qni
459 675 712 751 manifestatur
733 675 773 748 in
794 673 864 750 hoc
889 676 1055 752 musculo
1072 690 1110 751 et
1126 677 1233 780 cujus
1246 702 1376 780 scopus
1394 682 1434 754 in
1451 706 1495 757 eo
1513 699 1677 763 versatur
1695 703 1740 765 ut

224 801 322 881 'lobia
349 814 555 875 antrommn
575 797 774 899 propellat,
800 800 875 874 sive
896 824 939 873 ea
962 801 1001 874 in
1024 802 1217 877 cavitatem
1243 800 1378 877 orclem
1400 804 1562 881 reducat.

277 923 411 1017 Quoad
422 923 656 1023 posteriorem
667 920 769 994 hunc
783 935 943 1014 motum,
959 921 1021 995 hic
1032 923 1219 998 musculus
1230 937 1284 998 ast
1295 928 1544 1003 tantummodo
1557 932 1737 1030 passivus,

227 1073 313 1123 nam
336 1042 617 1144 longitudinales
637 1045 794 1142 corporis
817 1057 959 1126 tantum
983 1059 1108 1145 agimt.
1133 1046 1273 1121 Horum
1294 1047 1392 1122 fibrae
1409 1074 1495 1123 cum
1515 1051 1612 1125 fibris
1634 1080 1738 1130 mua-

228 1168 304 1245 culi
327 1166 568 1241 constrictoris
587 1166 880 1259 communicant,
910 1168 998 1263 quin
1027 1170 1136 1241 etiam
1163 1195 1257 1268 saepe
1284 1172 1381 1245 visua
1401 1198 1483 1245 sum
1505 1175 1737 1251 animadver-

133 1346 137 1353 -
227 1290 311 1365 time
327 1289 597 1363 constrictorem
612 1284 705 1360 nihil
723 1311 797 1359 esse
814 1288 883 1358 nisi
897 1286 1112 1386 plicaturam
1128 1290 1379 1364 musculorum
1396 1292 1734 1394 longitudinalium,

227 1422 386 1512 quoruni
403 1407 500 1482 fibrae
525 1406 806 1507 longitudinales
823 1420 860 1479 et
881 1407 1063 1508 parallelae
1084 1413 1243 1486 exterius
1261 1428 1548 1513 contorquentur
1564 1431 1608 1491 ut
1625 1420 1737 1495 effor-

227 1547 331 1609 ment
353 1530 567 1606 casticillum
596 1527 810 1603 circularem
836 1540 873 1600 et
902 1528 999 1601 fibris
1023 1529 1246 1605 radiantibus
1268 1533 1477 1632 praeditum.
1507 1538 1588 1611 Tali
1613 1541 1736 1636 modo,

227 1654 327 1733 fibris
346 1650 669 1756 longitudinalium
692 1676 767 1725 sese
786 1647 1098 1744 contrahentibus,
1121 1656 1331 1728 constrictor
1346 1657 1385 1728 in
1405 1682 1442 1730 se
1462 1659 1582 1756 ipsum
1601 1661 1738 1736 intror-

228 1804 311 1856 sum
340 1779 499 1856 volvitur
526 1791 563 1850 et
585 1789 682 1848 retro
704 1774 956 1877 progreditur,
985 1797 1109 1848 secum
1138 1777 1410 1875 contorquendo
1430 1777 1524 1852 labia
1549 1795 1736 1858 eteorum

227 1899 462 2003 appendices:
485 1897 582 1997 quod
606 1922 729 1971 resera
753 1896 873 1968 locum
898 1894 1019 1967 habet.
1044 1895 1172 1985 Quam
1194 1922 1215 1969 e
1238 1911 1361 1971 contra
1387 1900 1523 1974 eaedem
1546 1902 1619 1977 iltae
1638 1903 1738 1980 librae

229 2022 390 2100 eradunt
412 2019 610 2120 parallelae,
640 2017 813 2092 musculis
840 2043 913 2089 non
941 2016 1155 2116 ampliasse
1181 2020 1498 2117 contrahentibus,
1527 2027 1737 2100 constrictor

230 2141 498 2246 progrediendo
526 2140 730 2233 evolvitur3
769 2139 862 2213 labia
895 2166 968 2212 non
995 2140 1149 2239 amplius
1177 2144 1216 2215 in
1243 2145 1396 2219 cavitate
1422 2145 1512 2219 oral'r
1538 2154 1736 2244 tenentur,

227 2266 485 2368 egrediuntur,
509 2278 546 2337 et
568 2263 780 2337 muneribus
807 2265 880 2336 suis
908 2263 1128 2362 funguntur.
1151 2259 1215 2337 ¹Eo
1243 2264 1370 2366 majori
1390 2266 1426 2342 vi
1455 2268 1497 2339 fit
1520 2281 1640 2342 motus
1663 2296 1737 2372 quo

228 2386 491 2490 parallelismus
516 2385 689 2458 fibrarum
711 2386 906 2486 perfectior
933 2386 1065 2460 evadit.

233 2506 239 2513 ’
276 2508 397 2585 Motus
423 2535 494 2608 quo
517 2509 705 2582 musculus
728 2512 938 2581 constrictor
958 2534 996 2579 os
1019 2504 1199 2580 contrahit
1215 2507 1291 2585 sive
1316 2507 1442 2582 dilatat
1464 2509 1624 2584 indicare
1642 2509 1733 2588 mihi

225 2631 371 2707 ridetur
388 2631 493 2704 illum
515 2630 743 2720 musculum,
765 2632 793 2702 si
810 2656 934 2707 revera
951 2631 1091 2722 existit,
1111 2631 1361 2705 tantummodo
1380 2656 1454 2706 csse
1471 2636 1673 2732 passivum,
1696 2648 1734 2709 et

226 2753 438 2846 annulares,
460 2755 648 2852 ,praecipue
674 2752 887 2827 annularem
913 2752 1187 2829 transversalem
1209 2754 1317 2852 primi
1342 2753 1491 2845 annuh,
1522 2757 1631 2830 unice
1657 2783 1733 2832 esse

227 2876 378 2953 activos:
403 2876 539 2947 etenim
559 2873 761 2949 videbimus
779 2876 1004 2974 praecipuum
1026 2888 1167 2947 motum
1190 2874 1422 2948 annularium
1440 2878 1732 2953 transversalium

224 2996 264 3077 in
293 2996 547 3074 contrahendis
570 2995 714 3069 annulis
739 2999 891 3090 versari3
916 3010 1044 3097 atque,
1078 2995 1158 3068 talis
1180 2995 1386 3089 musculus,
1419 2996 1448 3067 si
1475 3022 1549 3069 non
1577 2996 1733 3073 cohaeret

224 3121 471 3213 constrictori,
512 3133 633 3191 tamen
657 3118 696 3190 in
718 3115 796 3220 ejus
825 3121 965 3195 viciniis
987 3133 1023 3193 et
1047 3145 1156 3219 supra
1183 3118 1347 3190 hunc-ce
1375 3119 1571 3217 reperitur.
1603 3119 1733 3211 Quum

225 3241 323 3318 librae
340 3242 419 3345 ejus
435 3242 592 3316 musculi
615 3241 779 3314 contrahi
799 3243 1018 3342 inceperint,
1040 3252 1191 3341 repente
1213 3238 1292 3340 ejus
1307 3240 1399 3311 actio
1420 3238 1639 3316 extendetur
1657 3267 1732 3315 non

223 3362 401 3441 salumin
424 3365 584 3464 primum
605 3362 803 3456 annulum,
826 3363 888 3436 sed
912 3364 1020 3436 etiam
1042 3363 1081 3434 in
1101 3362 1292 3435 cavitatem
1313 3359 1446 3434 oralem
1464 3374 1502 3434 ct
1522 3362 1731 3438 musculum

223 3487 496 3560 constrictorem
519 3509 630 3583 quem
654 3483 862 3557 immediate
885 3481 1098 3557 circumdat.
1123 3481 1213 3556 Inde
1234 3483 1350 3554 oritur
1373 3483 1443 3555 oris
1469 3486 1679 3556 contractio.

231 3692 234 3696 ,
272 3606 330 3682 Ex
353 3607 409 3679 his
431 3604 643 3698 observatis,
663 3630 748 3705 quae
765 3607 804 3678 in
823 3607 895 3680 hoc
914 3607 1032 3707 capite
1048 3604 1298 3679 tantummodo
1322 3603 1439 3677 fusius
1457 3630 1640 3703 exponere
1661 3632 1731 3707 po-

225 3740 364 3823 teram,
392 3727 482 3800 mihi
512 3728 614 3826 qnasi
642 3723 885 3800 demonstrare
920 3726 1065 3803 videtur
1079 3726 1307 3800 =musculum
1343 3716 1628 3800 Constrictoram
1655 3754 1732 3805 non

224 3853 390 3927 existere.
408 3851 518 3929 Novis
538 3850 796 3950 experimentis
819 3865 856 3924 et
877 3850 1071 3928 observatis
1090 3848 1183 3923 illud
1211 3846 1365 3923 dubium
1394 3847 1555 3922 tolletur.

498 4075 552 4143 2⁰.
592 4073 727 4146 Motus
752 4073 917 4145 musculi
931 4073 1082 4168 proprii
1108 4068 1206 4141 tabit
1231 4068 1451 4163 superioris.

270 4260 319 4335 Hi
341 4272 461 4332 motus
480 4257 691 4332 nullomodo
718 4271 804 4332 sunt
829 4257 980 4332 diversi:
1008 4257 1080 4330 duo
1103 4253 1265 4328 fasciculi
1287 4252 1462 4326 fibrarum
1484 4251 1548 4352 qui
1569 4250 1727 4325 exterius
1745 4276 1954 4360 meinamma

225 4381 481 4484 propelluntur
498 4381 541 4452 ad
560 4383 827 4453 extremitatem
848 4382 1064 4452 anteriorem
1081 4375 1193 4479 hujus
1207 4373 1313 4467 labii,
1332 4374 1496 4447 indicant
1510 4385 1546 4445 et
1565 4364 1728 4445 efficiunt
1743 4346 1954 4486 fflffl‘bn

225 4517 364 4579 motum
391 4504 456 4603 qni
478 4502 622 4576 labrum
643 4504 860 4576 intrinsecus
887 4517 924 4576 et
952 4502 998 4575 ad
1020 4504 1150 4576 faciem
1172 4497 1252 4601 ejus
1276 4498 1488 4572 inferiorem
1514 4508 1727 4595 contorquet

226 4606 351 4728 ibique
382 4624 547 4700 efformat
574 4624 731 4725 speciem
759 4623 850 4696 sulci
880 4622 1171 4723 longitudinalis,
1206 4618 1438 4812 probabil4iter
1471 4617 1725 4693 alimentorum

232 4740 237 4759 ¹
1339 4746 1351 4792 r
