4244 5850
906 520 1034 622 (71)

223 686 349 763 fissura
371 685 549 762 formatur
569 712 615 763 ex
635 686 789 762 flexibus
809 689 1012 787 tegumenti
1035 688 1220 762 exterioris
1242 686 1471 789 papillarum.
1508 684 1615 760 Sinus
1639 698 1722 758 tan-

223 806 412 882 tummodo
437 807 599 911 ejusdem
626 810 828 909 tegumenti
854 808 1016 901 videtur,
1043 835 1126 889 nam
1152 812 1317 909 quamvis
1344 809 1479 909 pluries
1506 806 1721 882 tentaverim

162 936 165 941 ’
223 927 264 1001 in
285 925 386 1027 illam
406 954 560 1004 acumen
585 931 837 1003 tenuissimum
857 930 1106 1023 introducere,
1126 933 1204 1005 sine
1228 930 1307 1034 ejus
1328 930 1587 1030 perforatione,
1610 953 1721 1002 cona-

225 1061 286 1123 tus
313 1063 435 1124 tamen
460 1077 602 1151 semper
622 1053 716 1125 irriti
744 1065 947 1145 cesserunt,
974 1054 1067 1126 sicut
1091 1066 1128 1126 et
1147 1065 1252 1125 antea
1275 1077 1464 1152 perperam
1494 1064 1723 1128 tentaverant

226 1166 282 1242 cl.
304 1170 506 1270 Montdgre
528 1172 659 1246 etalii.

274 1289 398 1364 Facies
415 1292 566 1367 inferior
585 1293 719 1394 ligatur
734 1292 897 1392 undique
914 1319 999 1367 cum
1013 1307 1117 1368 textu
1134 1295 1329 1368 musculari
1350 1293 1586 1385 annulorum,
1607 1293 1657 1366 ita
1678 1298 1945 1365 utracierinserior.

226 1411 382 1509 perspici
406 1425 547 1486 tantum
571 1415 681 1513 possit
701 1415 933 1487 circumcirca
956 1415 1127 1514 papillas,
1156 1415 1218 1488 sed
1242 1418 1281 1488 in
1307 1414 1475 1488 hocloco
1498 1413 1723 1486 constituunt

227 1533 428 1631 margines,
453 1534 649 1633 dequibus
671 1560 771 1608 nunc
791 1534 984 1634 agendum.

202 1699 209 1711 .
276 1650 402 1752 Margo
418 1656 582 1753 superior
598 1657 636 1727 in
653 1654 731 1728 aliis
757 1668 810 1728 est
832 1655 1125 1747 semicircularis,
1150 1671 1336 1731 truncatus
1360 1655 1561 1730 secundum
1588 1656 1721 1729 lineam
1739 1654 1949 1778 lrlffitpuffie

227 1776 333 1848 rostri
350 1778 463 1851 instar
483 1778 528 1850 ad
546 1777 703 1877 singulas
725 1802 806 1849 suas
827 1778 1072 1851 extremitates
1094 1803 1302 1871 recurvam,
1327 1780 1366 1849 in
1388 1776 1465 1849 aliis
1486 1803 1572 1852 vero
1591 1776 1605 1874 (
1621 1803 1673 1849 αα
1686 1790 1724 1849 ει
1740 1792 1806 1845 rior.

228 1893 319 1982 a'a',
333 1896 413 1994 fig.
439 1901 486 1970 18
508 1912 545 1970 ει
567 1901 641 1995 20)
669 1894 877 1969 extenditur
897 1897 936 1968 iu
965 1898 1142 1970 annulum
1163 1923 1306 1996 semper
1325 1900 1548 1997 superiorem
1568 1896 1722 1989 annulo,

228 2015 293 2091 uhi
310 2017 544 2091 tuberculum
556 2031 675 2091 ortum
689 2018 800 2115 capit,
817 2029 855 2088 et
874 2015 952 2117 ejus
974 2019 1179 2092 convexitas
1196 2018 1240 2091 ad
1261 2033 1372 2120 caput
1391 2018 1553 2092 animalis
1574 2031 1722 2118 spectat.

229 2138 472 2237 longitudine
495 2140 612 2210 minor
631 2150 685 2210 est
707 2162 816 2235 quam
840 2135 1014 2210 diameter
1036 2151 1258 2211 transversus
1278 2137 1434 2211 dimidiae
1457 2138 1612 2237 papillae.
1712 2227 1717 2234 .

277 2255 403 2356 Margo
418 2257 568 2330 inferior
590 2270 653 2330 aut
672 2256 846 2354 posterior
864 2269 919 2327 est
941 2258 1124 2348 sinuosus,
1143 2259 1220 2332 lere
1238 2260 1465 2354 semilunaris
1482 2261 1521 2333 in
1539 2260 1613 2351 his,
1635 2259 1950 2338 εοη-Μθῐιθῑῠῐθῐῑοῐ

229 2378 375 2450 strictus
396 2402 482 2452 vero
503 2379 542 2449 in
560 2376 630 2448 illis
652 2376 748 2466 (bb,
769 2373 856 2460 b't‘,
865 2375 943 2472 fig.
963 2378 1009 2448 18
1028 2389 1065 2447 ει
1079 2379 1175 2474 20),
1192 2378 1297 2451 lineis
1313 2383 1418 2452 rectis
1434 2380 1726 2476 circumscriptus
1751 2341 1799 2385 aur
1809 2340 1949 2401 posterior.

231 2496 433 2599 deniqueiu
444 2498 656 2596 quibusdam
667 2495 876 2570 individuis.
888 2496 1109 2570 Efformatur
1118 2523 1162 2570 ex
1175 2500 1552 2595 extensioneiuleriori
1560 2497 1725 2599 papillae,

232 2631 268 2692 et
282 2617 328 2691 ab
344 2621 522 2691 anteriore
539 2632 640 2717 parte
656 2616 701 2691 ad
714 2630 852 2715 partem
867 2616 1118 2714 posteriorem,
1138 2621 1274 2695 scilicet
1290 2646 1414 2697 versus
1429 2649 1557 2715 anum,
1574 2644 1726 2721 progre-

230 2739 347 2829 ditur,
358 2740 426 2816 'vel
441 2739 635 2838 aliquando
650 2739 788 2812 accedit
807 2738 852 2813 ad
868 2739 1000 2812 lineam
1017 2741 1219 2816 medianam
1237 2743 1320 2843 plus
1342 2745 1507 2820 minusve
1523 2767 1598 2816 sese
1616 2741 1726 2813 incli-

230 2861 361 2934 nando.
380 2860 597 2935 Extenditur
606 2863 644 2934 in
658 2859 835 2934 annulum
852 2884 993 2960 semper
1003 2861 1212 2938 inferiorem
1225 2865 1376 2958 annulo,
1389 2865 1453 2938 uhi
1462 2863 1594 2964 papilla
1604 2875 1725 2936 ortum

231 2982 349 3057 duxit.
371 2983 473 3080 Soepe
494 2982 606 3058 veluti
630 2994 837 3080 persecatur
858 2981 1111 3056 intersectione
1136 2984 1353 3058 annulorum
1374 2966 1688 3084 subsequentium.

278 3103 406 3203 Margo
422 3103 578 3177 lateralis
596 3105 760 3175 internus
777 3103 974 3200 generatim
997 3117 1050 3175 est
1069 3130 1267 3197 convexus,
1289 3106 1513 3180 convexitate
1530 3103 1575 3178 ad
1593 3105 1724 3176 lineam
1745 3109 1952 3207 starginatau

230 3225 434 3301 medianam
461 3225 658 3298 ventralem
685 3220 866 3298 conversi.
887 3222 1051 3320 Occupat
1068 3223 1157 3297 duos
1175 3223 1342 3317 annulos,
1362 3227 1411 3298 ita
1429 3238 1473 3299 ut
1494 3248 1588 3323 saepe
1608 3224 1725 3296 inter·
1794 3181 1873 3234 ΝΜ

231 3347 389 3421 sectione
412 3344 625 3418 intermedia
651 3342 829 3416 bilobatus
862 3342 1039 3417 videatur.
1068 3345 1197 3435 Quum
1221 3347 1345 3438 fissura
1364 3359 1562 3421 transversa
1585 3341 1728 3442 papillas

232 3465 438 3566 longissime
467 3466 698 3558 extenditur,
729 3464 874 3540 videtur
912 3464 1032 3538 adhuc
1064 3490 1185 3540 secare
1218 3466 1318 3541 hunc
1346 3467 1506 3559 flexum,
1546 3467 1610 3565 qui
1639 3479 1728 3538 tunc

225 3587 351 3664 veluti
375 3586 563 3660 trilobatus
582 3598 648 3658 est.

279 3708 405 3808 Margo
426 3706 581 3780 lateralis
604 3718 776 3779 externus
796 3719 850 3779 est
873 3731 1075 3800 convexus,
1101 3710 1327 3785 convexitate
1347 3708 1505 3782 exterius
1529 3720 1567 3778 et
1588 3705 1727 3778 laterali

232 3826 340 3904 modo
364 3828 552 3919 conversi,
576 3850 719 3924 semper
739 3824 917 3901 bilobatus
940 3827 1116 3925 plicatura
1137 3829 1283 3930 extensa
1307 3831 1453 3902 fissurae.
1855 3817 1857 3820 ¹

280 3946 486 4021 Relationes
516 3959 673 4018 externae
711 3945 768 4017 his
793 3947 1016 4044 marginibus
1044 3948 1343 4021 determinantur.
1389 3948 1554 4046 Superne
1592 3944 1724 4044 papilla
1759 3942 1926 3998 Ηιῑιῑῑθῦιθ·

232 4068 476 4143 communicat
491 4092 574 4139 cum
592 4079 693 4164 parte
712 4068 882 4139 anteriori
900 4067 1042 4158 annuli,
1067 4068 1130 4140 ubi
1146 4082 1266 4142 ortum
1283 4068 1384 4140 ducit
1399 4066 1524 4165 ibique
1536 4068 1726 4156 inseritur3

229 4188 393 4281 inferne,
411 4213 494 4260 cum
513 4201 614 4285 parte
629 4189 816 4285 posteriori
837 4188 964 4262 annuli
980 4189 1245 4288 subsequentis,
1261 4187 1324 4261 ubi
1337 4189 1571 4277 terminatur,
1596 4185 1730 4257 latera-

231 4309 334 4402 liter,
364 4334 449 4382 cum
479 4307 551 4380 und
577 4331 623 4380 ex
647 4306 807 4380 seriebus
830 4309 1155 4409 longitudinalibus
1185 4311 1362 4400 setarum,
1391 4309 1450 4382 vel
1480 4305 1729 4380 tantummodo
1806 4298 1809 4305 ’

233 4454 319 4503 cum
350 4427 448 4500 flexu
472 4440 622 4509 externo
650 4426 882 4502 annulorum.
908 4432 1054 4504 Interne
1075 4431 1217 4531 papillae
1239 4432 1314 4504 istae
1337 4428 1507 4504 videntur
1534 4429 1570 4498 in
1595 4427 1728 4499 imme·
1827 4485 1831 4492 .

232 4548 327 4625 diatd
353 4547 528 4621 relatione
554 4550 687 4623 versari
709 4574 793 4622 cum
812 4551 958 4645 ovariis,
985 4575 1050 4625 seu
1081 4553 1271 4651 praecipuis
1299 4547 1539 4648 generationis
1567 4548 1726 4647 organis,

234 4666 539 4772 quemadmodum
563 4681 685 4771 postea
705 4668 921 4748 videbimus.
