4244 5850
913 554 927 653 (
955 555 1064 651 133)

242 720 321 795 tab.
346 720 421 794 XI
422 721 553 794 -XII
555 752 571 812 ,-
581 720 659 822 fig.
679 702 819 795 lstab.
839 722 937 795 XII
940 720 1125 819 -XIII.)
1142 724 1298 823 positum
1316 690 1369 797 est
1384 692 1492 824 supra
1511 725 1713 827 ingluviem
1729 756 1749 802 a
1818 697 1821 703 Ι

242 845 315 946 qul
334 846 581 920 contractione
603 843 760 944 quidam
783 858 981 944 separatur.
1007 844 1095 947 Ejus
1115 842 1311 919 crassitudo
1334 848 1508 946 exiguum
1533 851 1628 923 cicer
1650 850 1752 924 adae-
1808 887 1809 890 ¹

241 979 383 1066 quat-et
396 964 479 1065 ejus
495 964 697 1065 amplitudo
712 979 865 1066 occupat
881 967 904 1059 ΛῙ
921 979 985 1039 aut
1003 965 1028 1040 6
1044 967 1197 1040 annulos
1216 981 1253 1040 et
1267 967 1461 1067 aliquando
1481 970 1590 1042 ctiam
1614 969 1749 1070 plures.

290 1089 459 1162 Formam
475 1088 624 1160 exhibet
637 1089 778 1163 ovoidei
798 1092 955 1187 corporis
979 1085 1084 1189 cujus
1103 1113 1256 1188 magnus
1273 1088 1464 1181 diameter,
1482 1105 1649 1190 respectu
1667 1118 1749 1166 cor·
1784 1097 1893 1153 torma.

241 1211 339 1308 poris
349 1223 403 1283 est
414 1208 699 1310 longitudinalis.
711 1210 868 1284 Videtur
880 1213 1018 1284 variare
1030 1235 1115 1282 cum
1129 1223 1232 1284 aetate
1248 1212 1323 1286 sive
1338 1225 1435 1284 statu
1452 1211 1645 1289 individui.
1663 1214 1753 1288 Ete-

239 1333 317 1405 nim
334 1333 373 1404 in
393 1332 608 1431 quibusdam
625 1335 801 1425 occurrit,
814 1332 828 1430 (
842 1334 920 1403 tab.
939 1333 1047 1431 XI.)
1068 1334 1286 1432 compositus
1303 1358 1348 1407 ex
1366 1332 1507 1408 duobus
1528 1332 1618 1407 lobia
1634 1349 1753 1408 trans-

241 1453 458 1546 versalibus,
481 1446 738 1554 inaequalibus,
762 1453 868 1555 cujus
886 1452 999 1554 major
1016 1453 1061 1525 ad
1081 1453 1196 1528 imum
1222 1457 1402 1555 reperitur
1421 1469 1458 1528 et
1480 1482 1564 1529 cum
1580 1456 1751 1529 intestino

243 1578 501 1652 communicat.
526 1578 569 1649 In
590 1577 793 1650 Lumbricis
818 1575 1013 1680 majoribus
1036 1578 1258 1650 contrarium
1282 1578 1403 1651 locum
1426 1577 1555 1650 habet:
1579 1579 1754 1655 ultimum

220 1698 313 1773 *hoc
348 1725 527 1800 organum
568 1701 814 1773 communicat
846 1725 930 1772 cum
964 1712 1067 1797 parte
1101 1701 1222 1771 minus
1255 1699 1369 1772 crassi
1403 1702 1604 1793 stomachi,
1639 1701 1753 1775 donec

242 1847 398 1924 magnus
419 1822 531 1926 hujus
555 1823 658 1896 lobus
684 1822 863 1921 ingluviei
887 1820 1061 1894 adbaeret.
1094 1823 1157 1893 Est
1178 1822 1386 1922 pyriformis
1403 1824 1442 1894 in
1466 1822 1539 1914 his,
1570 1823 1756 1898 oviformis

242 1946 283 2019 in
305 1944 395 2038 illis;
424 1944 644 2044 cylindricus
662 1945 700 2016 in
724 1944 820 2036 aliis,
843 1945 880 2014 in
907 1943 984 2015 aliis
1004 1969 1088 2018 vero
1111 1943 1288 2042 globosus.

293 2067 486 2167 Distinguo
508 2067 547 2138 in
567 2065 752 2138 stomacho
775 2065 864 2169 duas
886 2064 1017 2136 facies:
1046 2079 1234 2138 externam
1260 2079 1297 2139 et
1318 2067 1511 2137 internam.

293 2189 415 2262 Prima
435 2188 545 2261 facies
568 2201 717 2260 externa
741 2200 795 2261 est
816 2186 998 2285 laevigata,
1023 2185 1191 2279 humida,
1217 2186 1357 2279 lucida,
1380 2186 1511 2261 rubido
1532 2184 1650 2259 colore
1669 2185 1753 2285 plus
1770 2187 1861 2243 Facies
1874 2189 1964 2259 prima

244 2304 413 2386 minusve
436 2311 605 2384 distincto
628 2312 703 2385 sive
726 2309 880 2410 pulchro
904 2307 1075 2383 violaceo.
1105 2309 1301 2381 Innumero
1322 2310 1504 2407 quantitas
1525 2333 1699 2381 venarum
1714 2310 1754 2382 in
1804 2268 1928 2313 externa.

242 2430 339 2505 hanc
365 2432 496 2505 faciem
524 2432 787 2506 extenduntur.
826 2432 1030 2504 Praesertim
1059 2432 1099 2503 in
1124 2432 1289 2531 portione
1318 2430 1490 2504 inferiore
1523 2443 1560 2503 et
1585 2431 1754 2504 crassiore

244 2554 419 2629 stomachi
442 2554 513 2628 illae
534 2554 679 2630 venulae
706 2555 841 2653 optime
869 2554 1154 2652 perspiciuntur.
1184 2553 1308 2626 Facies
1334 2551 1514 2626 ventrales
1541 2565 1580 2624 et
1601 2551 1757 2625 dorsales

244 2677 289 2748 iis
303 2678 440 2776 pariter
456 2679 708 2768 instruuntur,
727 2689 764 2748 et
785 2679 822 2747 in
845 2701 997 2775 genere,
1016 2676 1199 2775 portiones
1213 2675 1370 2748 maxime
1385 2673 1519 2748 inflatae
1535 2699 1593 2746 eas
1613 2696 1757 2774 semper

243 2799 359 2900 magis
381 2799 567 2872 distinctas
590 2824 699 2898 quarn
724 2798 805 2872 aliae
826 2797 975 2870 habent.

294 2940 442 3015 Secatus
470 2954 508 3014 et
529 2954 677 3040 apertus
705 2941 961 3042 longitudinali
994 2943 1119 3036 modo,
1148 2941 1353 3015 stomachus
1385 2940 1533 3014 exhibet
1560 2939 1980 3015 cavitatemttactertmerna.

245 3060 329 3134 satis
362 3086 530 3161 magnam
568 3050 761 3134 formatam
796 3063 1025 3135 tunicdsive
1050 3062 1240 3137 involucro
1265 3063 1436 3135 interiore
1471 3062 1518 3134 cle
1546 3086 1619 3160 quo
1644 3060 1752 3133 infra.

246 3182 336 3285 Ejus
357 3184 565 3282 superficies
588 3197 642 3255 est
667 3183 855 3282 laevigata,
879 3183 1047 3281 aequalis,
1072 3181 1235 3255 humida.
1269 3185 1355 3255 Pars
1381 3182 1532 3254 inferior
1554 3180 1753 3272 stomachi,
1807 3240 1829 3269 „

247 3303 378 3404 (vulgo
397 3330 552 3404 magnus
573 3304 698 3403 lobus)
722 3304 871 3377 exhibet
892 3303 1359 3398 annulummuscularem,
1375 3301 1668 3394 transversalem,
1688 3327 1756 3376 va-

247 3425 463 3501 lidissimum
488 3438 524 3499 et
544 3424 770 3525 praebentem
795 3426 909 3500 veluti
936 3428 1092 3526 speciem
1116 3428 1244 3502 varicis
1272 3427 1450 3520 distincti,
1472 3426 1570 3499 fibris
1591 3424 1757 3526 longitu-

249 3549 429 3622 dinalibus
447 3549 601 3648 praediti.
617 3548 692 3622 lllae
710 3549 807 3623 [ibrae
823 3565 909 3623 sunt
922 3550 1104 3649 parallelae
1122 3563 1159 3623 et
1172 3552 1307 3649 optime
1324 3547 1498 3640 visibiles,
1514 3546 1619 3645 (vide
1622 3547 1701 3647 fig.
1719 3550 1754 3618 1.

249 3671 329 3743 tab.
359 3666 500 3769 XII.)
536 3683 657 3743 ortum
694 3672 733 3742 in
769 3670 881 3744 latere
917 3672 1043 3745 annuh
1079 3672 1277 3766 ducentes,
1308 3674 1358 3745 ita
1385 3686 1429 3746 ut
1458 3697 1566 3771 supra
1594 3683 1632 3743 et
1658 3668 1755 3743 infra

248 3792 350 3866 hunc
376 3792 612 3892 replicentur.
647 3791 715 3864 Hic
744 3791 932 3866 musculus
961 3818 1070 3892 quem
1096 3791 1255 3868 motibus
1281 3795 1355 3868 suis
1383 3791 1652 3884 contractionis,
1686 3789 1756 3863 ali-

249 3915 382 3989 mentis
407 3915 446 3986 in
470 3941 647 4014 magnum
674 3914 886 3987 intestinum
916 3915 1158 4014 propellendis
1184 3916 1382 3990 indoneum
1408 3913 1581 4007 arbitror,
1606 3913 1755 3985 fortasse

250 4037 347 4112 aolus
377 4051 432 4110 est
469 4039 533 4135 qui
570 4039 610 4109 in
645 4035 848 4110 Lumbricis
887 4052 1072 4137 aspectum
1112 4037 1238 4114 reversi
1277 4035 1519 4110 muscularem
1559 4031 1755 4125 exhibeat3

252 4160 489 4233 consistentia·-
517 4184 601 4234 cum
641 4159 769 4231 ceteris
805 4159 978 4234 musculis
1020 4159 1171 4254 collata,
1216 4159 1365 4258 quidem
1403 4171 1457 4231 est
1494 4156 1754 4256 cartilaginosaz

250 4284 341 4356 Pars
366 4281 541 4355 stomachi
568 4282 732 4381 superior
758 4282 903 4355 nullum
936 4283 1142 4356 musculum
1172 4283 1361 4381 proprium
1394 4278 1522 4353 habet:
1550 4276 1675 4350 similis
1703 4289 1757 4349 est

251 4402 402 4504 reliquae
440 4405 608 4496 caritati,
650 4402 804 4477 exhibet
832 4404 1081 4479 tantummodo
1118 4406 1349 4478 innumeram
1381 4401 1619 4503 quantitatem
1659 4409 1758 4469 arte-

251 4522 425 4599 riolarum
452 4536 517 4598 ant
548 4523 766 4601 venularum
798 4550 880 4625 quae
912 4524 1163 4602 verosimiliter
1190 4527 1230 4603 in
1261 4525 1372 4600 telam
1402 4525 1536 4599 tunicae
1567 4519 1758 4596 exterioris

250 4645 517 4722 extenduntur.
