4200 5842
911 501 1072 606 (195)

418 743 469 816 11.
520 741 854 816 Oasanvarronas
883 730 929 813 'm
964 759 1261 815 uvonurronuu
1295 760 1562 812 aunaronuu.

245 964 248 971 '
294 950 495 1028 Auctorum
523 950 691 1049 expositis
716 945 944 1049 opinionibus
975 946 1021 1020 de
1049 946 1255 1023 evolutione
1277 971 1453 1040 ovorum,
1479 942 1738 1021 mutationibus

244 1100 333 1173 quas
358 1071 456 1147 subit
484 1071 640 1164 animal,
674 1071 781 1145 modo
808 1069 1046 1170 generationis
1080 1080 1119 1142 et
1151 1069 1421 1167 parturitionis,
1450 1080 1543 1159 ete,
1590 1064 1663 1168 jam
1697 1066 1738 1138 in

244 1194 407 1268 medium
433 1192 658 1292 proferemus
683 1204 819 1264 nostras
849 1189 1149 1284 observationes,
1171 1188 1303 1290 quibus
1329 1189 1450 1281 ducti,
1485 1187 1587 1261 nobis
1617 1186 1741 1261 licebit

242 1314 407 1415 quaedam
429 1312 567 1415 objecta
588 1325 683 1385 certa
704 1316 842 1385 ratione
865 1310 1125 1404 determinare,
1149 1308 1208 1385 vel
1230 1309 1275 1382 de
1298 1308 1367 1382 hic
1387 1321 1451 1381 aut
1467 1307 1529 1380 illi
1551 1308 1739 1381 functione

243 1437 372 1509 minori
395 1432 566 1533 majorive
590 1432 807 1506 certitudine
828 1431 1001 1533 judicare.
1411 1426 1414 1438 ¹

239 1558 242 1562 ’
290 1553 506 1629 Lumbricus
536 1555 712 1626 terrestris
742 1578 853 1627 verno
880 1567 1042 1652 tempore
1073 1550 1276 1650 aperiatur,
1312 1551 1351 1622 in
1380 1551 1509 1624 orariis
1541 1562 1738 1624 occurrunt
1765 1559 1924 1618 ossanna.

243 1673 408 1772 quasdam
433 1686 567 1773 puncta
590 1673 713 1770 nigra,
735 1671 927 1771 aliquando
947 1671 1181 1770 irregularia,
1201 1669 1316 1744 veluti
1338 1671 1435 1742 inter
1456 1695 1521 1743 ova
1544 1658 1739 1767 pendentia

238 1793 333 1891 (fig.
352 1795 429 1865 2et
453 1791 487 1866 5.
510 1790 724 1888 tab.1X.).
749 1792 812 1865 llla
836 1819 980 1892 corpora
998 1795 1043 1865 de
1059 1793 1190 1892 quibus
1206 1791 1300 1865 infra
1324 1790 1441 1864 fusius
1463 1811 1631 1889 agemus,
1653 1807 1740 1865 sunt

243 1941 389 2013 corpora
412 1914 575 2004 fetifera,
604 1927 642 1985 et
664 1913 806 1986 nonnisi
829 1927 908 2014 post
937 1920 1074 1986 coitum
1093 1913 1329 1988 evolvuntur.
1371 1913 1566 2009 Postquam
1598 1912 1740 1986 locutus

243 2035 347 2108 fuero
374 2034 538 2107 dehisce
561 2031 791 2132 corporibus,
819 2037 982 2135 quaedam
1006 2035 1122 2108 dicam
1146 2036 1192 2109 de
1218 2035 1316 2125 ovis,
1344 2032 1390 2106 de
1417 2032 1677 2133 chrysalidibus
1696 2047 1740 2106 'et

240 2155 387 2228 tandem
410 2153 565 2228 transibo
589 2153 635 2228 ad
656 2155 806 2228 enixum
832 2157 1109 2230 Lumbricorum
1132 2169 1169 2230 et
1191 2155 1377 2257 pullorum
1400 2152 1657 2229 evolutionem.

675 2365 718 2435 A.
770 2366 835 2437 De
859 2366 1074 2460 corporibus
1089 2365 1276 2466 fetiferis.

289 2524 395 2599 Modo
418 2524 574 2600 diximus
597 2527 657 2599 illa
681 2552 826 2627 corpora
850 2529 1025 2602 contineri
1051 2532 1180 2605 ovariis
1203 2527 1272 2603 sub
1295 2527 1409 2601 fornii
1437 2539 1657 2625 punctorum
1678 2525 1739 2597 ni·
1769 2549 1884 2606 Positis.

240 2672 386 2744 grurum
414 2646 605 2722 latitudine
632 2647 822 2722 dimidium
852 2649 1049 2723 millimetri
1080 2663 1144 2725 aut
1180 2649 1431 2723 millimetrum
1469 2645 1739 2744 adsequantium

235 2765 330 2863 (fig.
352 2768 377 2836 2
398 2779 436 2838 et
459 2767 494 2840 5.
521 2769 598 2840 tab.
623 2769 727 2868 IX.)
767 2768 894 2860 Quum
923 2770 1027 2842 modo
1049 2772 1305 2862 efformantur,
1337 2781 1423 2842 sunt
1451 2766 1675 2841 rubescentia
1702 2781 1740 2841 et

238 2887 487 2960 tantummodo
514 2888 664 2963 visibilia
693 2917 713 2961 a
745 2914 856 2964 veruo
886 2903 1048 2989 ternpore
1079 2915 1198 2990 usque
1231 2890 1276 2963 ad
1313 2913 1474 2962 mensem
1506 2885 1737 2986 Septembris.

238 3005 364 3094 Quum
388 3032 473 3081 vero
496 3008 639 3099 oraria,
666 3006 736 3109 jam
760 3009 835 3084 ovis
857 3009 1013 3108 repleta,
1042 3010 1080 3081 in
1103 3023 1200 3084 statu
1232 3008 1479 3083 fecundationi
1505 3005 1634 3080 idoneo
1653 3030 1740 3082 ver-

238 3139 380 3217 santur,
408 3126 451 3199 ad
474 3152 601 3200 eoruur
625 3130 851 3226 superficiem
879 3130 1115 3229 reperiuntur
1141 3133 1322 3230 portiones
1345 3142 1409 3202 aut
1432 3127 1584 3200 maculae
1607 3125 1739 3201 obscu-

239 3249 368 3339 riores3
390 3247 585 3347 aliquando
601 3250 708 3323 etiarn
725 3249 876 3324 maculoe
891 3252 928 3322 in
944 3252 1085 3351 integri
1103 3276 1229 3327 eorum
1246 3249 1486 3351 amplitudine
1503 3248 1738 3346 distinguun-

239 3381 311 3440 tur.
367 3369 589 3469 Microscopii
616 3396 684 3470 cpe
718 3385 937 3471 perspectae,
972 3371 1043 3446 illae
1075 3373 1227 3447 maculae
1254 3370 1399 3445 nonnisi
1433 3381 1519 3442 sunt
1554 3370 1738 3468 congeries

238 3485 417 3561 densiores
442 3517 615 3585 ovorum,
643 3490 853 3591 junctorum
882 3470 1260 3595 substantii'liquidai,
1293 3489 1448 3584 viscosi,
1477 3487 1649 3589 subnigri
1673 3501 1738 3562 aut

238 3607 342 3682 flavi.

285 3729 434 3821 Quum,
458 3731 612 3805 durante
634 3739 757 3827 coitu,
779 3735 900 3835 liquor
921 3737 1102 3811 seminalis
1127 3763 1148 3812 e
1170 3734 1344 3811 testiculis
1366 3757 1527 3834 egressus
1554 3736 1593 3804 in
1618 3731 1736 3806 orario
1753 3754 1941 3836 evolutiones.

236 3865 424 3949 penetrat,
456 3851 505 3924 ibi
532 3854 706 3927 fecundat
733 3857 904 3955 quasdam
932 3884 1083 3933 ovorum
1107 3858 1289 3958 portiones
1322 3866 1360 3928 et
1386 3877 1462 3927 sese
1491 3852 1647 3952 dirigere
1673 3866 1737 3926 aut
1753 3824 1964 3967 ssffssffiff

235 3971 361 4045 saltem
379 3972 497 4072 magis
527 3978 656 4047 morari
670 3977 830 4057 ,videtur
856 3983 950 4053 circa
978 3979 1057 4053 illas
1087 3978 1286 4079 peculiares
1316 3975 1501 4075 congeries
1528 3973 1574 4046 de
1604 3971 1738 4074 quibus

237 4091 342 4165 modo
368 4095 521 4193 egimus.
550 4094 711 4170 Fortasse
738 4099 857 4199 liquor
880 4102 1011 4203 quibus
1039 4103 1111 4176 illas
1135 4099 1318 4200 congeries
1344 4094 1575 4198 junguntur,
1608 4092 1736 4196 majori

238 4210 408 4287 facilitate
440 4241 581 4314 sperma
615 4217 790 4292 absorbet.
837 4223 919 4318 Mon
954 4225 1138 4324 congeries
1160 4220 1383 4310 fecundatae,
1413 4215 1535 4289 locum
1570 4211 1737 4312 praebent

230 4331 443 4433 'corporibus
467 4336 619 4409 letiferis
634 4361 715 4438 quae
731 4352 820 4413 tunc
840 4357 1037 4417 occurrunt
1057 4342 1125 4418 sub
1147 4343 1262 4417 formd
1278 4337 1502 4414 macularum
1528 4335 1733 4433 nigrarum,

236 4448 499 4552 elliptiearum,
544 4456 815 4558 depressarum,
856 4450 1035 4541 lateribus
1070 4454 1242 4569 integris,
1280 4458 1487 4536 membranis
1525 4453 1734 4529 tenuissime

237 4572 485 4652 obductarum.
531 4567 767 4680 Aliquantdiu
801 4599 898 4685 post,
929 4572 997 4663 'illa
1032 4616 1179 4690 corpora
1220 4575 1363 4659 fetifera
1398 4605 1442 4654 ex
1470 4577 1609 4651 'orariis
1640 4588 1733 4675 ‘prb-
