4200 5842
818 538 931 663 <10³
959 543 974 643 >

701 754 756 831 2⁰.
792 751 857 859 De
886 714 1110 848 aphinctere.

165 1008 168 1015 ,
207 927 391 1025 Spiuctar,
413 937 457 997 ut
475 924 525 996 ita
547 922 663 1000 dicam
685 932 740 994 est
755 917 853 992 εοΙω
874 916 1061 995 musculus
1084 945 1154 993 ano
1175 920 1362 1020 proprius:
1384 921 1505 1022 ipsum
1525 923 1659 998 imme-
1685 929 1799 984 Potitia·

157 1048 253 1123 diate
274 1044 475 1119 circumdat
495 1043 646 1144 eiusque
669 1042 785 1115 forma
808 1051 846 1115 et
867 1038 1107 1112 dimensiones
1129 1043 1274 1114 variant·
1290 1041 1494 1116 secundum
1519 1046 1658 1143 expan-

158 1170 295 1247 sionem
322 1178 362 1242 et
387 1166 680 1238 contractionem.
711 1161 881 1246 Occurrit
905 1160 950 1234 ad
979 1175 1119 1260 partem
1142 1164 1322 1237 internam
1345 1165 1504 1239 musculi
1528 1165 1657 1239 radiati

158 1287 368 1384 etcohaeret
387 1285 499 1361 latere
520 1298 672 1361 externo
687 1282 733 1355 ad
753 1282 883 1357 faciem
908 1283 1141 1382 posteriorem
1158 1284 1407 1361 musculorum
1424 1285 1657 1361 annularium

162 1422 200 1483 et
219 1405 540 1506 longitudinalium
560 1404 682 1491 ultimi
702 1402 843 1477 annuli.
1406 1398 1410 1405 ’

207 1528 251 1621 In
269 1539 365 1603 statu
380 1527 512 1625 quietis
531 1524 637 1622 (vide
654 1551 675 1597 c
692 1524 736 1611 d,
750 1523 829 1622 fig.
843 1521 879 1615 4.
898 1523 976 1594 tab.
995 1523 1084 1596 IV.
1100 1525 1132 1622 ),
1150 1540 1204 1599 est
1219 1526 1433 1620 lusiformis,
1453 1529 1657 1627 elongatus,
1682 1533 1792 1586 forma.

158 1647 354 1739 verticalis,
373 1648 587 1721 terminatus
600 1645 755 1745 utrique
771 1645 836 1718 sud
849 1646 1077 1720 extremitate
1093 1672 1216 1723 uersus
1232 1649 1411 1723 radiatum
1428 1663 1465 1723 et
1482 1651 1520 1722 in
1538 1649 1659 1723 direc-

158 1772 256 1849 tione
266 1769 445 1845 linearum
457 1768 707 1843 medianarum
719 1752 915 1841 dorsalium
929 1780 965 1839 et
977 1767 1209 1843 ventralium.
1229 1770 1357 1861 Quum
1369 1796 1460 1843 anus
1476 1772 1658 1868 aperitur,

159 1889 237 1992 ejus
257 1888 433 1967 diameter
456 1889 700 1966 transversalis
721 1889 882 1989 augescit
904 1914 991 1963 cum
1017 1889 1192 1962 diametro
1214 1889 1389 1983 musculi3
1417 1891 1552 1989 hicque
1573 1915 1658 1989 pos-

158 2013 268 2088 terior
292 2037 335 2086 eo
364 2012 477 2111 magis
495 2024 651 2111 augetur
677 2035 751 2108 qno
777 2007 891 2109 major
921 2011 1053 2082 cavitas
1079 2008 1213 2084 evadit.
1243 2009 1406 2084 Tandem
1432 2012 1471 2083 in
1499 2012 1658 2084 maxima

160 2131 389 2224 dihtatione,
408 2129 594 2209 musculus
616 2144 671 2205 est
692 2129 894 2221 circularis,
919 2131 1116 2205 instructus
1136 2130 1311 2206 lateribus
1331 2130 1496 2207 musculo
1521 2130 1658 2206 radiato

158 2252 351 2355 parallelis.

166 2461 169 2466 ,
205 2372 321 2448 Filrrae
341 2369 453 2471 hujus
474 2370 630 2446 musculi
652 2384 740 2446 sunt
764 2370 976 2463 circulares,
1000 2372 1064 2456 aod
1087 2399 1218 2470 parum
1243 2372 1417 2465 visibiles,
1442 2386 1480 2445 et
1504 2376 1543 2447 in
1571 2388 1654 2448 cute
1682 2382 1779 2438 Fibre·

64 2587 67 2597 Ι
159 2495 402 2571 determinant
417 2493 610 2592 plicaturas
628 2518 709 2591 quae
725 2507 945 2568 evanescunt
956 2518 1076 2592 quum
1092 2493 1298 2584 musculus,
1315 2493 1531 2567 distensione
1549 2492 1657 2566 [ibra-

158 2643 258 2708 rum,
282 2616 452 2715 augescit.
478 2617 558 2688 Ano
576 2614 723 2688 omnino
746 2617 893 2714 quieto,
917 2614 1103 2715 sphineter
1122 2616 1267 2713 penitus
1288 2613 1507 2688 occluditur.

208 2735 582 2813 Communicatlatere
599 2749 767 2827 externo,
780 2762 866 2810 cum
880 2735 1048 2810 musculo
1067 2734 1204 2810 radiato
1218 2748 1254 2809 et
1264 2734 1377 2808 latere
1391 2737 1551 2826 interno,
1568 2760 1654 2808 eum
1672 2762 1844 2825 laetatione,

158 2859 285 2939 canale
297 2857 513 2949 intestinali,
534 2855 679 2955 quando
695 2856 761 2932 ille
776 2857 851 2931 hnc
870 2882 986 2955 usque
1002 2858 1249 2930 continuatur.
1273 2855 1557 2954 Receptaculum
1574 2831 1877 2930 ovi-¹⁸¹⁶‘²⁰²s³⁰³‘³'

157 2981 277 3053 serum
301 2978 399 3078 quod
415 3003 488 3057 uon
505 2977 663 3053 multum
685 2976 818 3053 abhinc
837 2978 962 3068 distat,
986 2978 1166 3077 cujreque
1187 2977 1320 3050 crificia
1338 2978 1376 3047 in
1393 3001 1461 3049 ano
1481 2977 1656 3074 aperiun-

159 3113 238 3189 tur,
262 3101 370 3170 etiam
391 3097 574 3169 clauditur
591 3097 796 3194 sphinctere
818 3114 853 3171 et
876 3103 1121 3172 contractione
1145 3097 1394 3170 musculorum
1423 3096 1654 3169 annularium

158 3220 368 3294 ultimorum
395 3218 627 3291 annulorum.
656 3218 777 3292 Facies
800 3216 909 3323 hujus
929 3218 1085 3294 musculi
1111 3216 1204 3290 nihil
1227 3215 1473 3290 observatione
1501 3215 1654 3316 dignum

161 3367 239 3441 prae
259 3366 298 3415 se
322 3341 461 3417 [erunt.

656 3531 817 3606 CAPUT
864 3529 1142 3607 SECUNDUM.

463 3736 623 3786 ΠΔΜΝ
663 3741 933 3789 nuseutouum
972 3742 1062 3789 SESE
1101 3739 1353 3788 moveu‘rtuut.

207 3907 363 3983 Musculi
379 3909 626 3983 tantummodo
641 3922 834 3983 moventur
851 3910 1111 3982 contractione
1124 3934 1269 3982 suarum
1284 3907 1452 3980 fibrarum
1464 3961 1473 3998 ,
1486 3919 1523 3978 et
1534 3919 1654 3978 motus

158 4032 298 4105 variant
318 4031 431 4129 igitur
450 4054 522 4101 non
543 4030 658 4103 solum
681 4030 909 4131 dispositione
927 4029 1105 4130 cujusque
1127 4028 1299 4119 musculi,
1322 4028 1385 4103 sed
1405 4029 1513 4101 etiam
1531 4026 1656 4099 direc-.

158 4150 256 4227 tione
279 4149 451 4224 fibrarum
474 4161 511 4221 et
530 4148 761 4226 relau'ondans
783 4174 866 4249 qum
888 4151 983 4224 iuter
1005 4149 1084 4225 illas
1106 4149 1352 4222 intercedunt.

207 4268 271 4346 At
281 4268 570 4344 contractionem
593 4269 833 4347 muscularem
854 4269 1167 4376 progignendam,
1180 4271 1248 4343 tria
1263 4294 1396 4369 organa
1416 4281 1502 4342 sunt
1523 4291 1651 4340 neces-

159 4390 248 4478 saria
265 4388 303 4460 in
322 4401 416 4461 statu
437 4388 561 4471 saltem
584 4387 742 4464 naturali
760 4414 829 4466 sen
845 4389 1018 4465 normali:
1045 4393 1088 4463 1ο
1102 4387 1318 4482 Cerehrurn,
1345 4389 1505 4489 quadam>
1521 4391 1563 4461 ri
1577 4388 1652 4460 im-

158 4509 305 4610 pulsum
317 4507 414 4607 quod
425 4523 564 4582 motum
575 4509 636 4582 dat
650 4512 844 4612 ipsumque
855 4511 995 4611 dirigit,
1012 4513 1053 4583 2·
1069 4509 1178 4585 Nervi
1195 4511 1374 4611 qniillnnr
1383 4511 1648 4600 ammittant,

158 4631 205 4716 de
218 4629 374 4706 Musunii
392 4630 456 4730 qui
478 4629 583 4706 illum
603 4627 776 4706 efficiunt.
797 4631 840 4706 In
857 4631 926 4706 hoc
948 4634 1067 4734 capite
1092 4631 1381 4707 examinabimus
1401 4630 1544 4706 Genera
1570 4654 1653 4702 mo-
