4244 5850
280 544 1727 623 m

629 864 895 977 rans
975 816 1351 984 PRIMA.

234 1444 341 1580 'De
364 1437 654 1577 Historia
677 1433 981 1577 Naturali
1007 1437 1351 1574 Lumbrici
1373 1441 1745 1578 Terrestris.¹

898 1802 1113 1849 ‘5¹00’-

921 1884 924 1889 -
995 1870 1011 1898 a

757 2042 943 2122 CAPUT
991 2043 1228 2123 PRIMUM.
1318 2055 1325 2071 '

243 2201 472 2346 Aaronom
488 2253 673 2358 speciatim
691 2280 839 2356 agamus
855 2254 901 2330 de
918 2254 1084 2350 animali,
1104 2256 1204 2357 quod
1219 2253 1321 2333 nobis
1336 2252 1614 2335 describendum
1625 2262 1744 2357 venit,

243 2393 438 2481 antequam
459 2377 539 2480 ejus
560 2389 781 2451 structuram
795 2377 995 2469 internam,
1017 2378 1148 2469 vitam,
1176 2402 1383 2477 moresque,
1407 2391 1477 2451 etc.
1502 2402 1744 2480 exponamus,

242 2499 343 2576 baud
364 2501 511 2574 omnino
532 2497 665 2572 inutile
683 2499 755 2572 erit
778 2496 900 2572 oculos
921 2495 1100 2599 conjicere
1122 2499 1161 2570 in
1183 2498 1349 2593 classem,
1370 2498 1418 2574 ad
1439 2525 1550 2601 quam
1570 2504 1744 2603 pertinet.

291 2622 425 2722 Sponte
448 2619 520 2722 jam
542 2617 779 2719 intelligitur,
797 2642 846 2692 ex
867 2642 911 2691 eo
932 2619 1008 2718 ipso
1031 2618 1129 2718 quod
1146 2620 1348 2694 innumerae
1369 2634 1512 2696 exstant
1532 2621 1746 2699 animalium

242 2741 546 2833 clossificationes,
573 2739 716 2831 locum,
744 2762 854 2838 quem
882 2752 1036 2838 occupat
1058 2736 1274 2825 Lumbricus
1302 2739 1498 2836 terrestris,
1527 2737 1587 2820 vel
1618 2742 1746 2818 saltem

243 2888 378 2965 genus,
393 2860 500 2964 cujus
515 2862 556 2935 fit
571 2861 771 2961 particeps,
784 2860 918 2934 mutari
942 2874 980 2932 et
995 2859 1228 2934 determinari
1244 2861 1450 2963 principiis,
1467 2862 1601 2963 quibus
1616 2863 1747 2940 inuiti-

242 2996 306 3058 tur
320 2983 399 3058 haec
420 2982 480 3060 vel
499 2981 561 3055 illa
583 2980 719 3073 classis,
738 3005 849 3080 quam
871 2977 1095 3053 tractandam
1113 2977 1216 3053 nobis
1236 2983 1484 3081 proponimus.
1507 2981 1747 3061 Fastidiosum

125 3143 128 3148 ·
242 3103 351 3180 simul
374 3118 412 3177 et
431 3102 649 3202 impossibile
671 3115 763 3176 esset
784 3103 948 3175 omnium
968 3099 1101 3174 barum
1123 3099 1434 3176 classificationnm
1453 3104 1615 3178 criticam
1637 3106 1745 3179 insti-

242 3223 422 3299 tutionem
445 3223 607 3316 referre,
637 3224 806 3298 universa
838 3234 1029 3320 systemata
1057 3246 1257 3321 exponere,
1286 3219 1427 3316 locum,
1452 3246 1563 3321 quem
1591 3240 1747 3326 occupat

242 3369 359 3446 genus
379 3343 677 3436 Lumbricorum,
699 3342 759 3417 vel
782 3341 882 3415 aliud
903 3340 1056 3440 quodvis
1077 3341 1375 3441 correspondens,
1391 3356 1430 3416 et
1448 3368 1522 3443 quo
1538 3348 1745 3422 continetur

241 3463 460 3540 Lumbricus
483 3464 681 3557 terrestris,
707 3461 879 3536 indicare.
908 3461 990 3535 Non
1012 3464 1125 3563 igitur
1149 3487 1206 3537 res
1228 3462 1273 3537 ab
1294 3465 1434 3563 origine
1455 3478 1596 3564 petam,
1616 3479 1660 3540 ut
1686 3492 1746 3540 os·
1778 3454 1784 3466 ⁴

241 3586 391 3661 tendam
410 3588 489 3661 Rei
495 3637 510 3673 ,
535 3585 858 3672 Aldrovaodum,
893 3587 1141 3672 Fronscium,
1167 3598 1259 3677 etc,
1285 3582 1523 3657 Lumbricum
1538 3598 1746 3662 terrestrem

242 3706 284 3780 in
313 3709 412 3781 certia
445 3707 644 3806 systematis
676 3705 851 3781 divisione
886 3708 1086 3782 collocasse.
1125 3708 1253 3806 Itaque
1285 3704 1462 3779 exhibebo
1493 3710 1744 3784 tantummodo

246 3814 557 3902 enumerationem
586 3827 835 3921 criteriorum,
864 3828 997 3927 quibus
1032 3826 1249 3903 Lumbricus
1280 3829 1456 3900 terrestris
1487 3828 1692 3930 quibusque
1724 3859 1745 3905 a
1825 3902 1832 3916 ,

244 3945 460 4047 quibusdam
489 3945 751 4049 congeneribus
774 3945 1021 4047 distinguitur.
1048 3945 1222 4019 Transibo
1248 3944 1380 4018 deinde
1406 3945 1452 4019 ad
1478 3947 1643 4042 classem,
1672 3949 1771 4050 qual¹

244 4067 474 4158 continetur,
505 4069 544 4137 in
572 4065 823 4166 systematibus
855 4068 1032 4153 Linnoei‚
1068 4065 1252 4152 Cavierii,
1288 4066 1473 4170 Latreille
1483 4118 1498 4154 ,
1528 4068 1575 4142 de
1602 4067 1745 4143 Bazira-

244 4187 356 4273 ville,
372 4185 612 4273 Lamarckii,
631 4187 824 4286 Savigny‚
845 4201 915 4260 etc.
933 4185 1086 4259 Posthac
1096 4183 1244 4259 brevem
1259 4208 1436 4286 exponam
1455 4182 1616 4288 analysin
1627 4194 1744 4289 operis

245 4305 488 4392 Lamarckii,
512 4305 610 4405 quod
630 4309 791 4406 reperire
809 4320 863 4381 est
884 4310 924 4381 in
946 4322 1152 4404 systemate
1176 4309 1402 4380 animalium
1423 4310 1601 4382 vertebris
1623 4312 1744 4385 desti-

246 4441 411 4501 tutorum
434 4426 595 4540 ejusdcm
616 4431 790 4522 auctoris,
818 4431 989 4531 quodque
1010 4444 1173 4508 versatur
1192 4431 1231 4502 in
1253 4428 1499 4528 investiganda
1517 4431 1655 4530 origine
1676 4410 1744 4508 an-

245 4546 430 4642 nelidum,
459 4573 541 4646 quae
562 4547 679 4621 classis
701 4574 817 4649 genus
838 4550 1023 4625 Lumbrici
1045 4552 1195 4627 Linnoei
1219 4551 1481 4651 complectitur.

296 4667 560 4768 celeberrimus
577 4670 758 4744 Linnaeus
775 4696 883 4771 agens
904 4673 1142 4749 fundamenta
1159 4672 1370 4748 immortalis
1391 4673 1525 4772 operis:
1548 4671 1743 4773 (Syrtema
