4200 5842
857 547 1009 647 (193)

190 772 200 820 3
230 722 398 801 Inlbisce·
410 719 543 811 saccis,
564 728 779 791 nascuntur.
794 712 887 812 pulli
909 710 1102 788 Lumbriri.
1122 713 1266 788 enoris
1286 711 1533 813 egredientes,
1564 728 1602 788 et
1621 714 1672 788 ibi

158 885 160 888 <
181 844 342 942 primum
362 851 495 911 statum
515 830 805 935 embryonarium
826 847 958 934 agunt,
983 847 1176 933 antequam
1198 835 1238 908 in
1255 835 1474 936 chrysalides
1497 837 1672 913 transfor-

174 972 341 1038 mentur.
379 955 482 1031 ΙΡιιιιι
509 953 559 1027 ιιι
587 967 784 1035 vescuntur
808 952 1026 1044 substantii,
1055 946 1223 1052 expressi
1252 979 1273 1027 a
1300 954 1417 1027 canali
1447 980 1577 1054 rugoso
1608 959 1672 1054 qui

182 1080 339 1153 occurrit
359 1079 399 1150 in
424 1077 592 1149 intestino
621 1073 888 1173 (typhlosoli),
922 1088 960 1145 et
986 1073 1155 1172 producit
1175 1072 1279 1147 tubos
1299 1076 1339 1147 in
1361 1073 1511 1172 singulis
1533 1075 1673 1149 cellulis

176 1189 247 1281 ‚aut
264 1197 374 1270 saccis
397 1193 690 1269 membranaceis.
714 1191 811 1265 Pulli
829 1192 935 1267 simul
954 1218 995 1265 ac
1017 1190 1061 1266 ad
1076 1207 1213 1269 statum
1235 1194 1477 1294 chrysalidum
1494 1219 1675 1293 pervene-

175 1330 290 1410 runt,
319 1318 412 1393 viam
436 1313 502 1387 sibi
522 1314 690 1410 aperiunt
718 1311 856 1385 edendo
882 1312 1060 1412 quidquid
1082 1314 1230 1390 obvium
1255 1316 1372 1407 venit,
1399 1328 1437 1387 et
1464 1317 1514 1387 sic
1537 1302 1689 1389 exsunt'

183 1462 249 1534 per
278 1435 541 1508 extremitatem
572 1431 780 1504 inferiorem
810 1434 1023 1507 cellularum
1057 1436 1160 1534 (quae
1178 1433 1394 1508 ¹extremitas
1423 1436 1675 1534 correspondet

172 1553 278 1627 inira
291 1564 464 1631 uentrem
488 1562 525 1621 et
549 1561 749 1621 extrorsum
772 1549 915 1650 ducit),
932 1555 988 1625 ita
1003 1568 1054 1625 ‘ut
1073 1554 1226 1633 folliculi
1248 1580 1374 1629 eorum
1397 1559 1518 1628 cornei
1537 1557 1576 1628 in
1597 1557 1675 1629 col-

177 1674 262 1761 lum
285 1671 499 1746 cellularum
519 1693 595 1740 sesc
614 1669 863 1762 immittentes,
889 1672 1018 1769 partim
1041 1687 1210 1746 maneant
1229 1675 1449 1748 extrinsecus
1471 1688 1508 1747 et
1525 1675 1674 1750 totidem

184 1794 375 1871 videantur
398 1791 615 1876 constituere
637 1788 757 1886 pedes.

231 1912 352 1987 Motus
373 1907 616 1983 nudabundus
637 1910 792 2006 corporis
806 1907 1083 1982 Lunrbricorum
1101 1911 1351 1987 tantummodo
1371 1914 1447 1989 ovis
1466 1914 1508 1989 iu
1527 1914 1674 1997 cellulas

183 2030 464 2107 distribuendis
455 2030 630 2101 rnservire
653 2027 807 2102 videtur.

233 2155 289 2227 En
309 2150 426 2224 brevis
444 2149 616 2245 expositio
637 2146 890 2237 dissertationis
910 2146 963 2220 Cl.
991 2091 1126 2224 Home.
1149 2154 1279 2227 Patet
1267 2179 1388 2253 ipsum
1406 2154 1540 2230 habere
1559 2102 1675 2232 Lum-

186 2275 301 2349 bricos
331 2285 513 2368 tamquam
547 2268 713 2340 animalia
746 2270 905 2365 rivipara
936 2273 1153 2345 mutationes
1183 2273 1308 2348 formae
1338 2273 1530 2349 subetmtia
1561 2277 1674 2375 (quae
1734 2332 1737 2337 ·

171 2394 401 2471 mutationes
424 2402 510 2463 sunt
531 2391 769 2494 internaa'aut
790 2387 911 2460 locum
936 2388 1071 2462 habent
1091 2393 1132 2465 in
1153 2417 1301 2492 corpore
1324 2395 1447 2467 matris
1469 2406 1507 2466 et
1527 2393 1676 2469 diversae

185 2511 480 2588 amutationibus
500 2510 600 2607 ovi),
625 2522 662 2582 et
677 2507 893 2608 chrysalides
907 2509 1000 2582 nihil
1017 2510 1117 2585 aliud
1136 2536 1211 2587 esse
1231 2501 1302 2587 nisi
1324 2537 1456 2612 organa
1478 2528 1676 2611 quie-tum-

173 2661 294 2735 ‚quam
314 2632 424 2733 pedes
445 2629 764 2721 consideravimus3
794 2643 863 2703 etc

170 2819 173 2833 .
233 2755 413 2854 Singulari
433 2752 521 2825 huic
543 2764 586 2822 et·
601 2751 888 2848 praestantissimo
911 2755 1011 2849 operi
1029 2754 1216 2850 sequentia
1240 2702 1461 2854 objiciemus
1696 2746 1868 2871 Obd‘ffissn‘*

235 2879 275 2947 1ο
300 2873 468 2964 Qudnam
486 2871 531 2943 dc
553 2896 657 2943 causa
677 2869 732 2942 Cl.
749 2873 873 2943 Home
886 2872 1036 2944 nullam
1043 2873 1131 2945 facit
1147 2877 1415 2946 mentionemin
1431 2875 1676 2951 dissertatione
1824 2853 1832 2870 ⁸

168 3022 280 3076 ¹ranno
303 2996 397 3070 1823
422 2994 514 3065 edita
531 2992 586 3088 (1)
611 2991 864 3063 dissertationis
878 2991 933 3088 (2)
951 3017 1062 3089 quam
1083 3017 1158 3064 nou
1179 2993 1311 3065 multos
1327 3007 1412 3066 ante
1427 3020 1538 3067 annos
1555 2996 1676 3090 (anno

188 3117 305 3214 1817)
322 3125 568 3211 composuerat
582 3109 626 3183 de
642 3111 782 3208 organis
798 3110 1038 3183 circulationis
1052 3125 1089 3183 et
1099 3113 1358 3209 respirationis3
1377 3116 1540 3211 quamvis
1555 3119 1593 3190 in
1607 3116 1676 3189 hac

172 3236 372 3336 sposteriori
389 3231 556 3305 habuerit
575 3243 758 3327 tamquam
780 3256 912 3328 organa
934 3230 1098 3329 specialia
1119 3232 1341 3329 respiratoria
1365 3246 1403 3304 et
1421 3237 1540 3306 adrem
1558 3237 1676 3311 conti-

186 3359 325 3446 nentia,
360 3379 399 3425 ea
421 3378 501 3451 quae
523 3353 561 3421 iu
587 3351 697 3448 priori
724 3349 898 3423 habuerat
926 3364 1109 3450 tamquam
1139 3351 1286 3429 cellulas
1310 3353 1545 3428 inservientes
1565 3356 1676 3454 pullis
1745 3394 1748 3399 ¹

186 3474 401 3575 recipiendis
422 3486 531 3570 atque
554 3471 778 3563 nutriendis,
807 3471 933 3545 eodem
962 3472 1041 3546 fere
1063 3471 1169 3546 modo
1192 3497 1234 3545 ac
1263 3485 1388 3547 uterus
1415 3473 1454 3545 in
1481 3472 1675 3574 majoribus

169 3592 458 3697 ,perfectioribus
484 3589 724 3664 animalibus?

236 3718 277 3786 2⁰
309 3713 431 3802 Quare
453 3714 492 3782 in
523 3709 689 3783 omnibus
710 3711 910 3784 Lumbricis
937 3715 1171 3810 reperiuntur
1191 3740 1264 3803 ‚ova
1286 3717 1326 3787 in
1353 3718 1492 3814 integra
1518 3720 1675 3817 corporis

98 3871 100 3875 ⁷
167 3833 412 3935 ¹longitudine
434 3846 471 3904 et
493 3833 689 3928 praesertim
718 3855 840 3906 versus
865 3831 1073 3904 inferiorem
1104 3845 1243 3929 partem
1268 3846 1306 3907 et
1331 3834 1470 3909 anum?
1502 3833 1576 3909 Cur
1597 3837 1676 3910 haec

186 3983 253 4034 ova
276 3967 340 4028 out
364 3954 547 4050 congeries
579 3978 728 4025 ovorum
759 3953 1004 4049 frequentiora
1035 3953 1353 4052 numerosioraque
1385 3979 1495 4029 verno
1521 3968 1676 4031 tantum

187 4091 348 4174 tempore
373 4069 738 4145 animadvertuntur?

187 4193 678 4214 Μ

256 4264 294 4335 (ι)
312 4263 356 4317 On
374 4261 420 4315 tha
438 4259 536 4312 double
551 4274 647 4328 organa
664 4256 696 4309 ol
708 4259 864 4328 generation
881 4258 912 4311 of
927 4260 970 4312 the
986 4261 1137 4332 Lamprey,
1161 4262 1207 4316 the
1224 4277 1322 4334 conger
1336 4263 1391 4330 erl,
1410 4263 1456 4316 the
1472 4279 1598 4318 common
1617 4268 1673 4333 cel,

190 4351 407 4418 nummata,
422 4351 477 4404 and
492 4349 569 4403 sarth
591 4365 693 4416 worm,
714 4348 834 4403 which
826 4362 994 4420 impregnata
1011 4352 1184 4419 themselves,
1214 4346 1332 4422 through
1351 4351 1405 4406 last
1426 4353 1498 4414 from
1517 4355 1675 4428 copulating

189 4441 436 4516 appearmntually
446 4451 473 4493 to
482 4441 710 4510 impregnateone
720 4439 844 4497 another
857 4441 900 4509 By
909 4442 1168 4497 urErerardHome
1174 4443 1262 4519 ,plait
1271 4453 1354 4497 trans.
1362 4456 1448 4514 part
1457 4448 1479 4498 1
1492 4447 1564 4502 1823
1575 4467 1603 4518 p
1616 4451 1673 4504 ilo

257 4535 295 4604 (a)
313 4533 357 4587 hu
374 4540 487 4586 account
510 4530 541 4583 of
556 4530 602 4584 the
617 4529 778 4584 circulation
803 4530 836 4597 pf
850 4531 895 4585 the
916 4533 1024 4591 blood
1018 4552 1046 4589 m
1070 4534 1115 4589 the
1136 4534 1204 4589 clau
1219 4524 1336 4589 vermes
1355 4533 1387 4588 of
1406 4533 1544 4592 Linnaeua.
1573 4537 1657 4609 By
1636 4556 1674 4594 ur

190 4623 310 4680 Everard
326 4622 428 4689 Home,
450 4621 519 4690 phil.
537 4630 622 4674 trans
630 4629 726 4690 ,.part
746 4624 781 4678 1.
779 4620 864 4692 1⁸17.
884 4639 913 4693 p.
935 4640 960 4678 ι.
1019 4616 1025 4650 ²
1053 4639 1056 4644 ·

1281 4672 1393 4764 ab⁸
