4244 5850
893 535 1114 636 (117),

224 708 504 803 debnmvimum
530 707 636 806 (vide
645 707 723 807 fig.
751 709 787 786 7.
812 704 890 776 tab.
909 703 1026 775 XIX
1037 703 1219 800 -XXI.)
1240 704 1310 778 Sed
1330 704 1461 779 solutio
1483 706 1566 779 Kali
1580 709 1732 782 'caustici
1862 782 1866 787 .

225 834 410 911 diversum
422 834 570 906 omuino
580 829 749 931 producit
759 827 948 901 ellectum:
960 825 1117 899 ostendit
1126 849 1281 901 nervum
1295 828 1371 902 sive
1382 829 1501 926 potius
1511 828 1730 921 medullam,

223 938 456 1031 corennum·
475 955 678 1028 innumeris
700 948 855 1053 globulis
877 948 1071 1022 admodum
1101 950 1263 1049 exiguis,
1298 974 1380 1049 quae
1410 975 1479 1049 ope
1506 952 1732 1052 microscopii

222 1076 475 1152 tantummodo
496 1075 779 1174 perspiciuntur.
802 1071 917 1169 (Vide
926 1072 1004 1171 fig.
1024 1075 1059 1145 8.
1085 1074 1162 1145 tab.
1181 1073 1486 1171 XIX-XXI.)
1514 1074 1615 1147 Roth
1629 1074 1732 1147 hunc

224 1198 426 1272 existentiae
442 1196 591 1270 modum
611 1195 781 1268 assimilat
800 1194 1053 1293 organisationi
1067 1195 1204 1267 intimae
1222 1193 1346 1294 polypi
1362 1195 1447 1293 quia
1469 1218 1513 1267 ex
1531 1196 1734 1269 innumeris

224 1317 381 1421 globulis
402 1319 580 1418 organicae
603 1318 763 1390 materiae
785 1319 1023 1417 compositum
1049 1316 1158 1390 habet
1183 1342 1324 1416 corpus.

271 1439 438 1513 Tandem
462 1439 606 1511 acidum
628 1439 847 1512 sulfuricum
877 1440 951 1538 agit
980 1440 1017 1510 ia
1045 1451 1164 1536 partes
1191 1462 1357 1513 nervosas
1383 1437 1586 1531 Lumbrici‚
1613 1440 1663 1512 ita
1688 1454 1732 1513 ut

225 1560 353 1636 reddat
371 1560 612 1634 neurilemma
631 1559 778 1632 omuino
801 1563 1039 1661 compositum
1059 1586 1107 1635 ex
1130 1561 1227 1634 fibris
1242 1565 1370 1660 sparsis
1390 1566 1444 1634 uti
1469 1560 1731 1639 delineavirnus

226 1685 307 1757 tab.
332 1682 449 1756 XIX
461 1725 485 1737 -
499 1682 623 1755 XXI.
641 1682 720 1780 fig.
746 1683 783 1757 9.

278 1802 503 1877 Clarissimus
527 1803 588 1875 hic
617 1816 743 1876 auctor
768 1802 1006 1877 Germanicus
1028 1805 1093 1903 qui
1122 1805 1248 1905 primis
1276 1805 1375 1878 hisce
1397 1806 1736 1906 investigationibus

227 1951 375 2027 operam
397 1927 567 2017 navavit,
600 1925 691 1998 dicit
714 1925 823 2026 (pag.
852 1927 937 2023 10):
961 1953 1082 2026 neque
1109 1928 1230 1999 ullum
1254 1928 1542 2026 Histologicum
1568 1930 1737 2004 invenire

220 2049 459 2145 potuerimus
472 2042 475 2047 ’
486 2047 686 2119 discrimen
703 2048 932 2120 substantioe
954 2074 1142 2135 nervosae,
1160 2074 1246 2119 cum
1260 2049 1331 2120 itta
1345 2062 1575 2145 comparatur
1582 2101 1596 2136 ,
1615 2074 1733 2147 qrtam

229 2170 271 2241 in
290 2168 526 2241 animalibus
551 2168 771 2240 excelsioris
804 2169 893 2240 vitoe
916 2172 1128 2242 evolutione
1154 2170 1460 2260 animadvertas;
1500 2172 1598 2244 unde
1610 2171 1666 2271 fit
1691 2182 1736 2243 ut

227 2289 450 2363 substantia
477 2291 700 2362 incremento
732 2286 888 2388 differat
914 2290 1182 2362 tantummodo.

743 2498 903 2571 CAPUT
943 2498 1221 2573 SECUNDUM.

660 2721 709 2767 DE
747 2719 932 2768 centeno
970 2722 1018 2767 ET
1053 2723 1111 2769 DE.
1135 2723 1300 2771 nunws.

816 2909 854 2954 a.
906 2885 970 2955 De
995 2884 1155 2956 cerebro.

281 3024 477 3101 Cerebrum
511 3026 669 3126 positum
700 3040 755 3100 est
784 3027 829 3100 ad
858 3041 997 3126 partem
1030 3029 1245 3101 anteriorem
1284 3030 1440 3127 corporis
1471 3030 1573 3101 etin
1601 3031 1730 3128 capite.
1766 3042 1880 3098 positio.

231 3146 399 3247 Occupat
421 3148 584 3222 medium
605 3149 713 3247 primi
739 3146 865 3219 annuli
886 3161 923 3219 et
947 3148 984 3218 in
1003 3147 1199 3220 directione
1225 3145 1310 3219 labii
1333 3149 1537 3246 superioris.
1561 3147 1634 3239 lbi,
1658 3172 1737 3221 sese

231 3269 395 3343 extendit
416 3269 644 3345 transversali
665 3267 771 3342 modo
794 3282 831 3341 ct
853 3269 892 3339 in
912 3270 1137 3367 superficiem
1161 3270 1270 3367 primi
1293 3269 1583 3370 diaphragmatis.
1605 3271 1733 3360 Quum

232 3388 448 3464 Lumbricus
472 3390 575 3463 dorso
605 3392 790 3489 aperitur,
818 3390 1006 3464 cerebrum
1036 3394 1218 3489 reperitur
1241 3393 1398 3492 positum
1421 3393 1460 3463 iu
1487 3391 1732 3491 plraryugem,

231 3515 297 3613 qui
326 3513 575 3587 circumdatur
596 3513 763 3586 funiculo
789 3515 864 3585 sive
888 3514 1023 3586 annulo
1046 3538 1197 3587 nervoso
1216 3514 1280 3612 qui
1300 3539 1344 3585 ex
1364 3511 1510 3587 cerebro
1529 3514 1607 3612 ipso
1631 3537 1734 3585 suam

232 3634 335 3708 ducit
369 3636 559 3732 originem.
613 3634 732 3730 (Vide
749 3635 828 3733 fig.
859 3639 895 3707 1.
933 3637 1011 3706 tab.
1042 3637 1154 3709 VII.
1184 3649 1223 3708 et
1245 3636 1324 3735 fig.
1360 3637 1396 3710 3.
1432 3636 1510 3708 tab.
1539 3635 1662 3715 XXI,
1697 3646 1737 3706 et

222 3756 300 3858 fig.
330 3761 349 3831 1
373 3771 412 3830 et
433 3760 471 3831 2.
496 3758 574 3830 tab.
598 3759 714 3830 XIX
726 3800 749 3811 -
766 3759 883 3829 XXI
900 3771 938 3830 et
958 3759 1130 3853 coetera.)

283 3877 481 3952 Cerebrum
507 3892 561 3951 est
586 3877 704 3970 ovale,
730 3877 959 3977 elongatum3
982 3880 1130 3952 tenuius
1145 3879 1301 3955 ev'ndc'ns
1317 3879 1361 3952 ad
1384 3878 1474 3953 duas
1489 3880 1734 3953 extremitates
1758 3888 1869 3944 Forma.

235 4023 317 4099 quoe
338 3998 548 4100 paulopost
570 3998 762 4070 efformant
785 3997 962 4072 annulum
986 3997 1031 4070 de
1055 4024 1127 4097 quo
1150 3997 1263 4073 locuti
1286 4001 1437 4074 fuimus.
1468 3999 1738 4099 Constringitur

235 4119 282 4193 ad
299 4119 457 4195 medinm
483 4146 586 4194 suam
607 4133 748 4218 partem
772 4133 813 4193 et.
830 4122 880 4192 sic
907 4124 1145 4219 compositum
1169 4121 1313 4196 videtur
1337 4147 1382 4195 ex
1414 4121 1557 4195 duobus
1583 4119 1739 4220 globulis

234 4239 409 4342 elongatis
426 4242 466 4314 iu
483 4268 558 4316 uuo
580 4267 689 4316 seusu
709 4254 747 4316 et
765 4242 937 4341 sphericis
955 4245 994 4314 in
1017 4242 1146 4334 altero,
1164 4245 1229 4343 qni
1250 4256 1485 4342 apponuntur
1503 4267 1567 4341 per
1587 4241 1737 4314 crassio-

234 4387 312 4437 rem
335 4365 600 4465 extremitatem
625 4376 662 4437 et
683 4363 879 4438 ostendunt
900 4379 1034 4441 statum
1052 4367 1190 4442 cerebri
1212 4370 1249 4441 in
1272 4367 1388 4467 primi
1407 4366 1485 4469 ejus
1507 4366 1648 4466 epochis
1661 4367 1739 4439 sive

233 4484 275 4557 in
291 4483 487 4584 embryone
508 4485 546 4558 id
573 4498 626 4557 est
644 4485 844 4585 duplicem.
866 4489 985 4562 Semel
1012 4504 1155 4564 tantum
1176 4492 1294 4588 reperi
1315 4487 1505 4562 cerebrum
1530 4500 1736 4586 separatum

234 4619 275 4681 et
288 4630 473 4707 quemque
491 4605 680 4706 globulum
695 4633 715 4680 a
735 4607 848 4682 latere
862 4607 1051 4711 rejectum.
1070 4610 1142 4682 Vas
1161 4608 1410 4707 sanguiferum
1433 4605 1633 4682 circumdat
1648 4632 1737 4709 par-

233 4738 309 4803 tem
336 4729 565 4804 constrictam
587 4728 632 4803 de
654 4729 727 4830 qud
746 4732 888 4832 egimus
913 4733 1009 4831 (fig.
1039 4733 1074 4806 3.
1103 4731 1183 4805 tab.
1210 4730 1325 4802 XIX
1337 4771 1361 4783 -
1376 4728 1532 4826 XXI.)
