4244 5850
1112 510 1241 612 (90)

428 695 550 754 tamen
584 682 719 780 optime
741 678 922 753 musculos
946 674 1133 753 Lumbrici
1161 677 1383 772 observavit,
1415 678 1480 752 bos
1504 680 1646 754 silentio
1671 677 1930 780 praetermittit.

429 801 586 875 Videtur
602 802 708 873 illum
727 814 913 873 auctorem
931 825 991 874 eos
1009 800 1177 880 habuisse
1193 815 1365 902 tanquam
1382 805 1563 903 portiones
1581 802 1830 878 musculorum
1847 800 1935 877 lon-

429 923 686 1023 gitudinalium
704 937 838 996 secatas
855 925 1168 999 intersectionibus
1186 924 1480 1000 transversalibus
1493 925 1575 999 telae
1588 923 1780 998 cellularis.
1803 920 1938 1011 Nescio.

428 1072 474 1118 an
497 1045 655 1118 musculi
677 1046 818 1145 analogi
842 1047 979 1120 fuerint
1003 1049 1137 1146 reperti
1164 1049 1203 1119 in
1226 1046 1441 1146 quibusdam
1464 1047 1541 1120 aliis
1563 1043 1814 1119 Annelidibus.
1846 1031 1933 1142 'Ego

427 1193 500 1240 non
522 1166 665 1241 eosdem
686 1170 809 1244 inveni
828 1169 895 1241 nisi
915 1171 953 1241 in
971 1168 1165 1242 Lumbrico
1183 1170 1355 1242 terrestri.
1380 1169 1537 1244 Musculi
1556 1193 1646 1266 quos
1663 1167 1835 1261 lyonmt
1848 1163 1933 1237 ani·

428 1289 624 1366 madvertit
650 1289 695 1362 ad
716 1292 1007 1363 intersectionem
1031 1289 1211 1390 cujusque
1235 1288 1361 1363 annuli
1383 1291 1423 1362 in
1443 1289 1562 1362 Eruci
1583 1301 1621 1361 et
1638 1286 1771 1387 quibus
1794 1307 1931 1359 nomen

427 1414 684 1484 musculorum
707 1412 914 1484 divisorum
934 1409 1063 1484 tribuit
1084 1410 1177 1507 (vid.
1196 1436 1278 1510 pag.
1297 1411 1369 1485 125
1393 1409 1472 1514 ejus
1494 1410 1646 1510 operis),
1665 1408 1804 1483 nullam
1822 1407 1932 1483 exbi-

426 1532 517 1606 bent
537 1533 737 1633 analogiam
763 1559 847 1607 cum
871 1532 1045 1606 musculis
1071 1557 1161 1631 quos
1189 1531 1467 1605 observavimus.
1507 1530 1663 1606 Musculi
1688 1531 1820 1603 Erucae
1841 1541 1940 1603 sunt·

427 1652 626 1753 simplices,
648 1652 811 1752 duplices
836 1655 1058 1752 quinetiam
1083 1651 1241 1750 triplices
1266 1677 1332 1750 pro
1357 1650 1507 1728 diversis
1529 1651 1685 1724 annulis.
1718 1650 1943 1725 Occurrunt·

408 1797 413 1800 ·
427 1773 474 1848 ad
485 1798 610 1847 omnes
622 1773 813 1847 divisiones
823 1775 898 1848 sive
908 1774 1178 1846 intersectiones
1188 1773 1426 1866 annulorum,
1441 1776 1558 1872 primo
1570 1785 1606 1844 et
1618 1771 1747 1845 ultimo
1756 1772 1929 1871 exceptis.

479 1896 527 1968 Hi
549 1895 705 1969 musculi
727 1897 832 1994 positi
857 1897 1000 1970 suntin
1020 1894 1139 1969 media
1166 1908 1269 1993 parte
1292 1894 1470 1995 cujusque
1498 1892 1643 1985 annuli,
1669 1918 1759 1992 quos
1779 1891 1865 1985 soli,
1886 1904 1933 1967 ut

429 2018 478 2089 ita
502 2017 639 2109 dicam,
665 2019 902 2090 constituunt.
926 2018 1026 2089 Inter
1047 2041 1085 2089 se
1104 2018 1280 2116 segregati
1302 2030 1389 2089 sunt
1408 2014 1634 2116 portionibus
1650 2016 1730 2088 telae
1750 2012 1943 2088 cellulario

429 2138 550 2212 densae
578 2164 662 2238 quae
686 2138 831 2213 videtur
857 2164 1043 2237 permeare
1067 2137 1248 2212 musculos
1281 2140 1375 2211 circa
1413 2138 1613 2228 foramina,
1648 2162 1714 2234 per
1735 2161 1819 2237 quae
1841 2148 1944 2209 setoe-

428 2260 508 2333 sive'
523 2258 632 2358 pedes
654 2259 950 2359 progrediuntur.
979 2260 1038 2333 Sic
1057 2260 1103 2332 ad
1124 2262 1304 2361 integram
1322 2287 1424 2334 suam
1446 2260 1689 2361 peripheriam
1718 2255 1943 2331 circumdati

428 2380 489 2453 illa
502 2381 754 2473 cellulositote,
767 2381 940 2457 videntur
952 2383 1129 2455 contineri
1144 2383 1295 2455 sacculis
1310 2379 1793 2481 quadrangularibusaggu,
1805 2379 1930 2478 gbltg,

428 2503 543 2590 tect,
551 2504 629 2602 fig.
648 2505 683 2576 3.
704 2504 782 2574 tob.
806 2502 981 2574 XVIII
994 2545 1018 2556 -
1035 2503 1158 2578 XIX.
1187 2503 1234 2574 lli
1257 2517 1380 2575 tamen
1400 2501 1557 2575 musculi
1573 2527 1646 2573 non
1668 2503 1933 2575 intersecantur

429 2623 603 2696 musculis
627 2635 805 2716 setarum,
836 2648 921 2694 narn
942 2620 1022 2693 illos
1049 2622 1087 2692 in
1114 2622 1298 2721 integrum
1321 2647 1486 2723 separare
1507 2622 1598 2693 mihi
1621 2621 1747 2713 licuit,
1776 2633 1945 2721 tumque·

430 2743 623 2815 efformant
650 2743 802 2817 annulos
828 2741 1011 2816 distinctos
1039 2740 1198 2832 clausos,
1234 2740 1296 2815 sed
1326 2741 1492 2841 praeditos
1527 2754 1682 2841 quatuor
1714 2740 1852 2815 sinibus
1883 2740 1933 2815 ad

430 2877 569 2964 partem
595 2864 815 2939 ventralem:
848 2863 914 2962 qui
941 2864 1041 2936 sinus
1063 2863 1279 2935 exoriuntur
1298 2861 1548 2936 tantummodo
1574 2888 1620 2937 cx
1641 2861 1830 2963 praesentit
1852 2863 1935 2938 Re-

431 2998 633 3058 tractorum
656 2988 864 3082 spinarum.
1442 2982 1445 2986 ’

484 3108 640 3182 Musculi
664 3108 859 3181 annulares
881 3106 1019 3208 obliqui
1047 3109 1159 3207 magis
1181 3120 1267 3183 suut
1290 3113 1393 3210 opaci
1421 3124 1459 3184 et
1481 3111 1594 3210 magis
1621 3110 1813 3210 participes
1837 3108 1934 3182 liunt

431 3228 557 3301 coloris
580 3229 753 3301 Animalia
776 3255 887 3328 quam
909 3230 1173 3306 transversales.
1204 3232 1344 3306 Exinde
1364 3235 1528 3333 sequitur
1551 3231 1649 3332 quod
1671 3229 1828 3306 musculi
1847 3229 1935 3305 lon-

432 3348 648 3446 gitudinales
669 3363 767 3422 trans
796 3375 921 3423 eorum
945 3352 1216 3425 crassitudinem
1240 3352 1413 3454 distingui
1434 3369 1628 3454 nequeant.

250 3490 395 3546 Numerus.
482 3470 668 3567 Incipiunt
696 3496 887 3545 occurrere
913 3499 933 3544 a
957 3474 1074 3571 primo
1102 3474 1239 3549 annulo
1265 3478 1423 3575 corporis
1452 3489 1489 3549 et
1514 3477 1658 3549 nonnisi
1683 3474 1728 3548 ad
1758 3475 1932 3551 ultimum

433 3606 672 3687 evanescunt3
709 3594 795 3667 inde
821 3596 986 3693 sequitur
1011 3595 1109 3696 quod
1134 3621 1261 3670 corum
1290 3622 1466 3672 numerus
1491 3596 1589 3671 idem
1616 3600 1662 3670 sit
1686 3624 1728 3670 ac
1756 3622 1935 3673 numerus

432 3712 670 3804 annulorum,
691 3712 827 3787 scilicet
839 3717 928 3807 132,
953 3720 1108 3790 termino
1125 3719 1242 3793 medio
1260 3735 1417 3820 sumpto.
1444 3722 1489 3793 Et
1507 3746 1551 3794 ex
1570 3747 1614 3795 eo
1632 3722 1709 3820 ipso
1728 3719 1932 3820 quod-con-

432 3837 583 3908 stituant
599 3861 729 3935 corpus
746 3838 946 3937 principale
970 3839 1101 3916 horum
1117 3842 1358 3937 annulorum,
1384 3844 1500 3916 forma
1520 3843 1636 3919 variat
1650 3868 1716 3942 pro
1732 3843 1933 3942 respectiva

433 3981 558 4029 eorum
584 3957 774 4054 positione.

288 4098 395 4152 Forma.
481 4076 522 4147 ln
540 4100 692 4175 genere,
706 4078 860 4152 sormam
877 4081 1050 4156 exhibent
1062 4085 1189 4160 annuli
1205 4086 1317 4160 clausi
1336 4086 1421 4185 plus
1434 4085 1601 4163 minusve
1613 4084 1723 4184 largi,
1737 4082 1949 4184 aliquando.

431 4194 476 4292 (a
498 4201 538 4268 1⁰
562 4222 677 4297 usque
699 4199 745 4271 ad
766 4203 866 4273 18⁰¹n
891 4215 955 4274 aut
978 4206 1079 4275 20⁰¹¹¹
1104 4205 1309 4303 annulum)
1337 4206 1489 4279 formam
1518 4207 1621 4306 parvi
1651 4203 1828 4305 cylindri,
1855 4203 1947 4279 beai.

432 4317 662 4393 altitudinem
686 4319 918 4420 adaequante,
941 4323 1094 4422 praediti.
1119 4327 1236 4426 Supra
1258 4327 1372 4400 locuti
1393 4327 1532 4401 fuimus
1552 4326 1598 4399 de
1619 4324 1758 4400 auibus
1778 4324 1947 4401 inferio-,

432 4437 532 4512 ribus
554 4441 628 4514 sire
652 4439 884 4515 ventralibus.
912 4443 1105 4544 Distinguo
1127 4445 1200 4521 duo
1222 4446 1333 4521 latera
1356 4461 1395 4522 et
1417 4448 1508 4521 duas
1534 4446 1656 4521 facies.

207 4579 458 4677 Margomortor..
487 4559 611 4662 Margo
640 4563 797 4678 anterior
824 4562 870 4637 ad
900 4577 1041 4664 partem
1070 4567 1243 4645 dorsalem
1276 4567 1404 4646 annuli
1436 4569 1630 4644 instruitur
1661 4566 1736 4644 leri
1770 4538 1934 4644 iuuant*
