4200 5842
847 540 999 646 (137)

168 706 308 785 dictum
331 704 509 799 adhaeret,
540 730 614 781 non
637 704 813 782 diversam
837 705 987 781 exhibet
1008 710 1315 811 compositionem.
1353 707 1443 813 Ejus
1466 713 1674 815 superficias

169 829 421 906 tantummodo
443 842 496 903 est
517 828 716 929 laevigatior
737 843 776 902 et
797 829 940 929 papillae
962 844 1050 903 sunt
1074 831 1196 906 minus
1218 829 1409 906 distinctae.

217 952 261 1025 In
283 950 463 1025 Hirudine
491 948 659 1024 officinoli
684 950 798 1050 hepar
823 965 878 1024 est
903 950 1113 1026 membrana
1136 954 1267 1046 densa,
1296 953 1435 1048 albida,
1465 954 1672 1051 obducens,
1700 953 1766 1009 ⁰⁰⁰¹
1786 953 1877 1077 9¹⁸Jl⁰

169 1072 285 1149 veluti
308 1075 345 1146 in
369 1053 582 1165 Lumbrico,
605 1071 766 1146 canalem
790 1072 1057 1147 alimentarium
1079 1075 1119 1147 in
1145 1076 1285 1175 integra
1307 1074 1387 1149 fere
1410 1074 1489 1178 ejus
1511 1040 1746 1178 longitu-cum
1785 1040 1827 1078 nu
1850 1040 1902 1079 Μ’

170 1193 273 1287 dine,
297 1195 360 1268 sed
381 1194 474 1268 illud
499 1194 691 1267 discrimen
712 1194 807 1267 inter
829 1193 890 1266 illa
913 1193 1080 1266 animalia
1101 1195 1312 1287 intercedit,
1331 1208 1375 1269 ut
1394 1197 1431 1268 in
1454 1198 1593 1296 priore,
1616 1202 1677 1272 in-

170 1319 344 1393 testinum
369 1314 520 1417 proprie
539 1318 589 1388 sic
616 1316 754 1390 dictum
778 1330 878 1389 extra
910 1317 1023 1415 hepar
1046 1317 1093 1389 sit
1121 1318 1278 1415 positum
1306 1318 1345 1389 in
1368 1316 1534 1416 illudque
1560 1319 1676 1394 veluti

171 1440 349 1513 insertum
373 1438 557 1530 videatur,
578 1437 693 1511 donec
715 1438 754 1510 in
779 1438 995 1537 posteriore,
1019 1437 1132 1537 hepar
1153 1439 1200 1510 sit
1221 1438 1381 1510 exterius
1400 1450 1438 1510 et
1461 1439 1678 1514 intestinum
1794 1452 1799 1457 '

171 1563 338 1637 interius.
363 1563 508 1634 Etenim
529 1563 567 1636 in
589 1561 768 1635 Hirudine
790 1574 963 1661 tanquam
980 1560 1194 1635 intestinum
1215 1561 1405 1658 proprium
1422 1558 1578 1634 habetur
1596 1587 1678 1636 vas-

170 1683 300 1760 culum
317 1683 576 1785 cylindricum,
588 1683 816 1783 elongatum,
837 1683 1057 1774 fistulosum,
1071 1680 1170 1779 quod
1185 1683 1360 1753 insertum
1373 1678 1419 1754 ad
1436 1683 1577 1755 tertiam
1592 1708 1679 1782 pos-

172 1807 342 1880 teriorem
358 1819 498 1906 partem
516 1807 639 1906 magni
654 1805 786 1879 canalis
797 1805 1013 1879 alimentarii
1031 1805 1163 1878 desinit
1178 1801 1224 1876 ad
1237 1828 1368 1895 anum3
1381 1816 1419 1876 et
1432 1801 1679 1880 observatione

171 1925 325 2028 dignum
344 1940 398 1999 est
410 1925 502 2000 illud
516 1927 731 2000 intestinum
752 1951 827 1999 esse
839 1924 988 1998 dorsale.
1003 1924 1117 2023 (Vide
1130 1927 1208 1997 tab.
1221 1923 1406 1999 XXXII
1409 1925 1680 2027 -XXX111.)

221 2050 277 2122 Ex
305 2048 519 2148 supradictis
547 2062 647 2148 patet
668 2061 879 2149 tegumenta
907 2061 1056 2120 externa
1082 2046 1216 2122 canalis
1242 2045 1460 2120 alimentarii
1488 2072 1570 2147 quoe
1595 2061 1680 2124 tau-

165 2198 283 2275 ·quam
321 2170 436 2271 hepar
474 2183 539 2243 aut
570 2169 714 2246 vascula
745 2170 911 2271 hepatica
940 2170 1141 2264 habemus,
1176 2173 1363 2271 sequentia
1396 2171 1604 2244 communia
1640 2172 1681 2246 in

172 2307 330 2394 utroque
353 2291 509 2365 animale
531 2289 686 2365 habere:
714 2296 754 2364 1ο
775 2291 1003 2364 circumdant
1025 2291 1186 2365 canalem
1209 2291 1497 2384 alimentarium;
1521 2295 1563 2364 2⁰
1585 2293 1681 2367 inci-

172 2414 282 2516 piunt
303 2412 350 2485 ad
371 2426 512 2513 partem
534 2410 614 2516 ejus
636 2412 854 2486 anteriorem
877 2427 914 2486 et
941 2415 1112 2489 desinunt
1135 2414 1199 2488 ubi
1222 2413 1400 2513 absorptio
1423 2416 1584 2513 partium
1605 2440 1681 2490 nu·
1712 2496 1720 2521 χ

174 2538 380 2612 tritivarum
392 2533 519 2608 effecta
531 2533 605 2639 jam
618 2548 689 2627 cst,
704 2535 744 2609 3ο
757 2533 932 2607 exhibent
946 2549 1165 2610 structuram
1178 2536 1261 2637 plus
1273 2535 1679 2635 minusrepapillosaur,

173 2660 321 2735 densam
349 2670 517 2757 respectu
545 2655 700 2730 aliorum
726 2682 968 2756 organorum,
1002 2672 1072 2731 etc.
1110 2661 1166 2732 Ex
1193 2659 1251 2732 his
1285 2659 1375 2732 mihi
1407 2659 1553 2734 videtur
1579 2685 1681 2759 posse

173 2779 295 2881 colligi
321 2779 549 2854 functionem
575 2776 688 2880 hujus
714 2779 856 2889 organi,
884 2778 1163 2881 qualiscumq'ue
1185 2782 1254 2874 sit,
1286 2781 1325 2853 in
1346 2793 1503 2881 utroque
1525 2780 1681 2858 animale

172 2901 338 2979 eamdem
361 2924 449 2974 esse.

223 3025 443 3098 Intestinum
471 3021 617 3121 proprie
646 3020 697 3094 sic
728 3019 887 3112 dictum,
921 3018 1116 3094 obducitur
1145 3021 1292 3120 hepate:
1318 3019 1397 3124 ejus
1424 3035 1681 3120 tegumentum
1699 3044 1876 3102 taunucum.

173 3159 228 3226 est
248 3146 363 3245 magis
392 3141 647 3252 tendinosum,
679 3144 792 3241 magis
816 3140 1005 3215 elasticum
1036 3155 1073 3216 et
1099 3141 1221 3215 minus
1248 3141 1402 3215 densum
1433 3167 1543 3242 quam
1571 3158 1682 3245 tegu-

173 3281 340 3344 mentum
360 3264 514 3362 hepatis.
538 3261 627 3364 Ejus
644 3260 740 3335 color
761 3276 815 3335 est
834 3261 1019 3336 obscurior
1041 3277 1078 3335 et
1093 3287 1188 3363 saepe
1210 3261 1257 3337 ad
1277 3259 1482 3339 subflavum
1498 3265 1683 3340 virescen-

172 3402 249 3466 tem
266 3385 417 3461 accedit.
441 3383 590 3483 Papillae
609 3383 764 3459 visibiles
783 3387 822 3458 in
839 3410 882 3459 eo
900 3383 1164 3459 desiderantur.
1189 3383 1278 3488 Ejus
1294 3384 1420 3478 facies,
1440 3411 1512 3459 una
1531 3400 1681 3464 externa
1699 3403 1802 3461 Facio.

176 3489 241 3588 aut
263 3510 325 3583 illa
344 3532 426 3608 quae
447 3506 572 3606 hepati
594 3506 773 3601 adhaeret,
800 3506 970 3582 etaltera
991 3509 1154 3599 interna,
1178 3519 1242 3580 aut
1264 3531 1305 3580 ea
1323 3531 1405 3606 quae
1425 3506 1592 3582 efformet
1617 3535 1681 3585 ca-

174 3634 323 3712 ritatem
341 3627 604 3721 intestinalcni,
623 3628 761 3702 nullam
783 3631 880 3703 inter
897 3654 935 3703 se
952 3629 1227 3730 discrepantiam
1244 3626 1419 3727 praebent.
1445 3627 1502 3702 Ad
1521 3630 1681 3730 singulas

174 3754 490 3854 diaphragmatum
515 3753 786 3824 intersectiones
823 3751 1033 3826 membrana
1066 3765 1120 3825 cst
1143 3751 1305 3843 tenuior,
1334 3748 1532 3824 admodum
1558 3751 1682 3850 pellu-

174 3876 273 3969 cida,
300 3871 412 3968 vulgo
433 3871 578 3947 vasculo
604 3873 803 3973 sanguineo
825 3873 974 3946 sulcata.

224 3997 443 4074 intestinum
465 3993 608 4068 easdem
631 3997 844 4069 variationes
865 3997 903 4068 in
933 4020 1124 4096 progressu
1151 3991 1250 4067 subit
1274 4017 1316 4066 ac
1338 3993 1452 4094 hepar
1478 3990 1577 4092 quod
1600 3989 1906 4096 ejusobaemrioou.

176 4133 317 4224 partem
349 4129 493 4190 tantum
519 4117 723 4190 constituit:
757 4117 818 4192 hic
843 4119 957 4220 igitur
984 4118 1062 4191 illas
1089 4141 1164 4190 csse
1196 4115 1410 4216 repetendas
1440 4140 1514 4188 non
1540 4117 1679 4190 censui.

176 4237 410 4316 Solummodo
439 4235 635 4312 dicendum
665 4251 719 4311 est
751 4241 1054 4315 extumescentias
1084 4237 1217 4311 canalis
1250 4236 1464 4311 intestinalis
1497 4259 1541 4309 co
1560 4237 1681 4338 ¹magis

177 4354 254 4452 esse
276 4360 460 4435 distinctas
486 4384 560 4458 quo
584 4360 697 4460 magis
722 4358 768 4434 od
794 4363 1020 4438 stomachum
1047 4360 1238 4437 accedunt.
1263 4359 1321 4435 Ad
1344 4360 1476 4433 faciem
1504 4357 1680 4435 dorsalem

177 4485 377 4590 pracsertim
392 4484 551 4557 maxime
566 4494 653 4557 sunt
674 4481 868 4581 distinctae,
889 4499 928 4560 et
947 4486 1139 4562 efformant
1156 4480 1256 4556 lobos
1271 4482 1354 4582 qui,
1373 4481 1419 4554 ad
1435 4481 1680 4557 extremitates

177 4608 300 4702 liberi,
322 4630 399 4682 sese
422 4605 580 4683 invicem
600 4603 790 4682 obducunt
809 4620 848 4682 et
872 4621 1014 4710 portem
1031 4603 1209 4683 stomachi
1229 4602 1419 4703 obtegunt.

1316 4726 1359 4800 18
