4244 5850
1076 513 1232 617 (ιιι)

206 709 230 759 ι’
233 709 270 761 ιιι
271 722 346 762 ιιιιιιι
368 716 397 762 ιι
463 684 647 760 Volumcn
670 681 809 758 cerebri
827 696 880 759 est
896 681 1088 783 exiguum:
1111 681 1191 785 ejus
1211 681 1365 759 latitudo
1381 686 1548 788 adaequat
1564 691 1817 767 tantummodo
1832 652 1920 770 mil·

203 792 276 831 ‘¹¹⁸¹'
263 794 388 833 usone·
390 807 620 898 limetrum,
641 806 816 880 diameter
835 831 920 882 vero
938 804 1211 905 longitudinalis
1232 805 1424 882 dimidium
1442 812 1552 885 unius
1572 812 1786 889 millimetri.
1808 816 1920 892 Cete-

413 957 497 1005 rum
514 928 586 1003 illae
608 928 848 1002 dimensiones
879 929 1020 1004 variant
1046 926 1250 1003 secundum
1277 942 1438 1024 aetatem,
1467 932 1531 1008 sed
1556 948 1678 1009 tamen
1703 961 1779 1010 non
1800 937 1919 1013 multo

412 1052 597 1129 excedunt
623 1050 702 1125 illas
730 1075 819 1150 quas
839 1053 1084 1150 exposuimus.

249 1197 363 1253 ιιιιιιιι
462 1172 706 1251 Transverseli
720 1172 825 1246 modo
838 1186 999 1246 secatum
1011 1171 1103 1271 (fig.
1117 1171 1154 1264 ιι.
1168 1172 1247 1243 tab
1260 1169 1407 1242 XIX·
1413 1172 1537 1246 XXI.
1545 1173 1758 1272 )oerebrum
1770 1178 1922 1253 exhibet

254 1279 354 1321 ¹¹¹¹⁸¹¹¹³¹
356 1298 643 1397 superficiem
667 1295 880 1394 ellipticam,
900 1293 1091 1370 oriundam
1113 1318 1161 1365 ex
1181 1292 1409 1392 depressione
1431 1319 1512 1393 quse
1531 1296 1571 1366 in
1597 1296 1671 1369 totis
1693 1296 1772 1400 ejus
1788 1298 1921 1374 latitu-

212 1429 390 1483 lnvotucrum
415 1417 500 1494 dine
524 1417 789 1491 manifestatur.
823 1413 981 1490 Videtur
1003 1418 1241 1517 compositum
1270 1399 1412 1489 esseest
1438 1416 1629 1493 involucro
1650 1421 1810 1494 corticali
1831 1427 1917 1496 satis

232 1497 369 1551 carricare
413 1538 525 1632 duro,
550 1541 667 1612 tenaci
677 1564 817 1639 ,opaco
836 1551 873 1612 et
888 1538 1003 1615 veluti
1020 1541 1210 1630 continuo,
1234 1551 1344 1637 atque
1365 1563 1410 1612 ex
1430 1538 1627 1614 substantia
1651 1541 1867 1616 cerebrali
1839 1569 1917 1620 save

411 1661 545 1762 pulpis,
569 1662 780 1754 tenerrimis,
803 1663 842 1734 in
867 1660 959 1762 aquai
983 1661 1162 1752 solvente,
1186 1659 1303 1732 albidi
1323 1672 1379 1750 et,
1402 1661 1626 1759 microscopii
1644 1688 1712 1762 ope
1734 1665 1915 1763 inspecti,

413 1796 598 1857 constante
611 1808 812 1855 innumeris
823 1783 1044 1882 corpusculis
1053 1782 1329 1883 irregularibus
1337 1781 1617 1874 albescentibus,
1625 1811 1738 1860 vacuo
1748 1788 1916 1885 quaedam

185 1909 404 1990 Putpssivema-
414 1904 511 1977 inter
529 1928 567 1976 se
588 1901 878 2000 relinquentibus
898 1906 992 1977 etin
1012 1904 1154 2004 liquore
1176 1902 1394 1977 natantibus.
1420 1904 1591 1978 Ceterum
1612 1904 1772 1979 harum
1762 1911 1916 1982 mvesti-

187 1979 266 2098 ιιιιω
239 1980 396 2032 acessus
370 2029 601 2126 gationum
628 2023 910 2098 exactitudinem
939 2023 1129 2124 exploratu
1156 2039 1210 2098 est
1234 2024 1401 2098 difficile·
1392 2023 1660 2123 „scalpellum
1684 2030 1915 2127 superficiem

413 2160 568 2221 secatam
584 2144 877 2246 perstringendo,
893 2144 1103 2245 aliquam
1069 2173 1142 2222 vim
1162 2169 1332 2221 exercere
1350 2158 1468 2245 potest
1485 2149 1524 2220 in
1543 2162 1730 2287 aspectum
1747 2152 1914 2225 sectionis

413 2268 658 2346 transversslis
682 2268 885 2368 etquidem
910 2293 995 2344 eum
1015 2270 1223 2342 immutare

220 2420 388 2477 tralatione·
464 2390 667 2465 Relationes
687 2389 826 2464 cerebri
844 2400 928 2464 c'um
949 2391 1077 2464 ceteris
1098 2389 1240 2489 organis
1259 2387 1468 2462 indicantur
1477 2389 1555 2488 fig.
1582 2391 1618 2464 3.
1639 2392 1717 2463 tab.
1735 2393 1834 2467 XV
1828 2395 1886 2468 11
1890 2438 1915 2451 -

413 2514 460 2586 X
461 2515 505 2586 V
507 2512 589 2586 III
585 2513 772 2610 ,superius
782 2512 1116 2585 communicatcum
1123 2509 1242 2584 medio
1253 2509 1362 2608 primi
1373 2524 1438 2583 eut
1447 2510 1597 2584 secundi
1608 2513 1735 2586 annuli
1743 2568 1752 2605 ,
1761 2515 1916 2591 inferius

414 2660 499 2709 curn
517 2632 746 2733 duplicaturi
758 2632 976 2706 membranae
991 2628 1273 2704 submuscularis
1288 2655 1369 2727 quae
1384 2630 1565 2723 efformet,
1582 2656 1658 2704 sese
1670 2633 1856 2734 jungendo
1868 2636 1915 2711 ad

414 2755 592 2830 reflexum
613 2757 688 2831 sire
705 2755 750 2829 ad
768 2758 942 2855 parietem
959 2742 1171 2826 circirlarem
1191 2751 1406 2852 phoryngis,
1422 2751 1579 2850 speciem
1597 2751 1822 2828 infundibuli
1838 2757 1915 2831 sive

416 2878 510 2951 coni.
528 2878 686 2950 truncati
711 2876 815 2979 cujus
843 2875 935 2950 basis
960 2875 1169 2949 extenditur
1194 2877 1290 2947 inter
1312 2871 1406 2945 labis
1434 2886 1472 2944 et
1504 2873 1649 2946 caritati
1676 2874 1763 2947 orali
1791 2877 1914 2952 locum

415 2997 566 3100 prebet.
599 3002 649 3073 At
675 3013 833 3098 utroque
862 2998 976 3072 latere
999 2995 1188 3071 cerebrum
1211 2995 1342 3069 desinit
1363 2995 1402 3067 in
1433 2992 1506 3067 duo
1538 2992 1596 3066 fila
1620 2996 1912 3073 semicirculstia.

414 3123 552 3196 Eorum
572 3121 711 3224 junctio
733 3123 864 3196 formet
884 3119 1065 3195 annulum
1087 3120 1163 3193 sive
1187 3116 1370 3192 funiculos
1396 3115 1638 3216 oesophageos.

888 3356 924 3427 b.
975 3353 1160 3425 Feniculi
1193 3350 1424 3448 oesopbagei.

284 3548 398 3603 rosiris.
466 3521 525 3594 Sic
548 3519 690 3620 appello
706 3519 779 3593 duo
800 3518 857 3592 fila
880 3544 963 3619 quae
976 3519 1254 3618 proficiscuntur
1276 3540 1320 3589 ex
1343 3508 1484 3588 duabus
1503 3515 1790 3592 extremitatibus
1810 3544 1914 3596 cere-

415 3641 492 3736 bri,
518 3666 600 3742 quae
629 3641 864 3742 oesophagum
886 3640 1178 3741 amplectuntur,
1207 3638 1325 3712 velut
1345 3635 1476 3711 melius
1499 3635 1633 3732 dicam,
1655 3664 1739 3739 quae
1759 3643 1915 3742 cingunt

415 3776 622 3864 aperturam
655 3763 865 3864 pharyngis,
889 3762 1111 3837 efformando
1136 3776 1302 3862 torquem
1323 3773 1390 3835 aut
1411 3758 1589 3834 annulum
1617 3774 1661 3834 ιιι
1682 3787 1766 3836 mox
1791 3763 1913 3843 denuo

319 3919 325 3930 ·
416 3883 686 3987 conjungantur
709 3883 777 3959 sub
800 3900 926 3960 ventre
947 3899 985 3959 et
1006 3887 1057 3958 sic
1078 3909 1191 3962 nervo
1215 3883 1418 3958 recurrenti
1441 3881 1616 3980 originem
1640 3883 1835 3981 proebeant.

288 4027 383 4102 otigo.
468 4004 580 4106 Origo
588 4005 719 4080 horum
733 4007 876 4081 filorum
886 4007 1090 4082 delineatur
1098 4011 1138 4081 in
1148 4035 1172 4080 a
1180 4061 1194 4095 ‚
1197 4008 1275 4107 fig.
1290 4008 1325 4080 3.
1338 4005 1416 4078 tab.
1425 4004 1539 4076 XIX
1542 4004 1685 4077 -XXI
1684 4061 1692 4077 .
1705 4005 1915 4086 Nascuntur

415 4123 460 4198 ad
477 4127 704 4226 superficiem
718 4125 892 4201 dorsalem
910 4128 1049 4204 cerebri
1066 4141 1104 4201 et
1120 4128 1166 4202 ad
1181 4125 1472 4200 intersectionem
1488 4123 1645 4198 duorum
1661 4124 1913 4227 globulorum,

416 4261 454 4320 et
466 4273 486 4320 a
497 4246 645 4321 cerebro
653 4247 899 4352 sejunguntur
911 4250 1161 4325 tantummodo
1173 4249 1218 4324 ad
1231 4251 1279 4322 bb
1286 4301 1300 4336 ,
1317 4248 1454 4322 scilicet
1463 4250 1503 4321 in
1515 4246 1593 4320 loco
1605 4246 1669 4320 ubi
1682 4247 1750 4322 hoc
1766 4249 1910 4328 desinit.

272 4388 380 4462 sigum.
466 4369 598 4470 Figura
618 4368 730 4473 hujus
752 4371 879 4445 annuli
901 4385 1065 4447 mutatur
1085 4399 1171 4448 cum
1189 4372 1314 4445 formis
1328 4395 1418 4470 quas
1433 4369 1599 4469 pharynx
1621 4367 1753 4443 induit.
1777 4372 1913 4450 Ortum

416 4489 554 4592 prebet
576 4491 697 4568 nervis
717 4493 908 4604 praecipuis
929 4496 999 4568 oris
1019 4508 1055 4569 et
1077 4499 1213 4596 capitis.

189 4609 417 4753 ξῗὲζῗαῗιῑξὲω
466 4615 509 4689 ln
531 4615 716 4715 regionem
737 4612 1023 4716 hypogastricam
1048 4618 1264 4711 introducti,
1288 4616 1363 4691 duo
1381 4610 1436 4690 illi
1455 4612 1546 4689 ιιιιιιι
1568 4611 1754 4691 volumine
1779 4620 1912 4693 sensim
