4244 5850
1096 524 1250 625 (102)

925 780 972 855 Ι).
1023 784 1088 857 De
1125 782 1309 855 rnuseulis
1349 783 1428 854 ani.

476 972 634 1051 Musculi
648 971 725 1066 ani,
743 994 832 1072 quos
843 967 1021 1044 delineavi
1035 969 1112 1042 tab.
1125 966 1214 1043 IV.
1219 968 1294 1068 fig.
1317 967 1358 1062 4,
1371 967 1412 1060 5,
1431 966 1475 1062 6,
1493 965 1534 1061 7,
1558 970 1631 1044 8et
1644 968 1689 1064 9,
1707 969 1840 1071 exiguo
1850 984 1927 1043 nu.

427 1120 529 1173 mero
540 1098 712 1172 existunt.
732 1095 832 1167 Duos
842 1092 1090 1166 tautummodo
1101 1091 1292 1167 numeravi
1303 1093 1342 1162 1⁰
1353 1090 1544 1165 Radiatnm
1556 1104 1593 1165 et
1607 1095 1648 1163 2⁰
1660 1086 1924 1192 Sphinet'atem.

476 1216 610 1294 Nullus
634 1229 760 1290 auctor
780 1212 846 1286 hos
870 1210 1051 1285 musculos
1079 1209 1413 1312 investigationibus
1443 1213 1518 1286 suis
1544 1210 1730 1304 submisit,
1762 1208 1928 1314 quamvls

429 1353 552 1415 tamen
577 1338 735 1411 maxime
755 1336 827 1407 sint
852 1329 1018 1407 visibiles.

901 1533 953 1601 1⁰.
993 1531 1057 1601 De
1090 1527 1261 1601 musculo
1289 1529 1452 1603 radiato.

203 1719 347 1794 l'ormla‘et
366 1734 411 1787 po·
477 1698 546 1771 llic
570 1695 756 1770 musculus
783 1692 892 1791 (vide
918 1692 1053 1790 b,flg.
1078 1693 1118 1783 d,
1143 1692 1274 1766 5816.
1300 1690 1586 1793 lab.1V·)eSl
1607 1692 1809 1791 circularis,
1837 1712 1929 1773 eorl-'-

271 1796 344 1838 ⁸⁴⁰⁰'
427 1807 769 1912 vesus‚'cavitatem
786 1815 844 1886 ani
857 1811 1099 1904 circumdans,
1116 1826 1154 1885 et
1168 1813 1313 1889 videtur
1325 1840 1400 1889 esse
1416 1817 1569 1890 ultimus
1585 1817 1743 1893 annulus
1754 1832 1928 1896 externus

429 1941 598 2040 corporis.
632 1935 791 2010 Exhibet
815 1937 865 2006 sic
889 1935 1046 2032 speciem
1072 1934 1198 2008 annuli
1222 1935 1326 2036 cujus
1354 1938 1509 2036 spatium
1537 1965 1695 2014 vacuum
1727 1954 1929 2039 occupatur

430 2060 637 2162 sphinctere
660 2071 697 2131 et
715 2056 854 2141 ,orificio
873 2057 945 2126 ani.
977 2053 1066 2155 Ejus
1088 2055 1327 2129 dimensiones
1354 2058 1495 2131 variant
1517 2084 1603 2133 cum
1625 2050 1929 2135 contractionibus

429 2206 518 2284 quas
540 2179 637 2254 subit
655 2178 726 2252 hoc
751 2198 942 2276 organum.

298 2327 393 2380 saraa.
479 2301 568 2403 Ejus
581 2299 698 2391 fibrae,
720 2320 788 2371 ano
804 2296 925 2369 clauso
939 2308 976 2369 et
993 2320 1142 2396 corpore
1164 2298 1304 2397 quieto,
1317 2296 1511 2372 admodum
1534 2310 1621 2373 sunt
1636 2299 1828 2393 distinctae3
1843 2290 1930 2375 suut

432 2422 577 2495 radiatae
599 2435 636 2492 et
656 2430 812 2492 acentro
825 2415 869 2488 ad
883 2418 1214 2491 circumferentiam
1237 2417 1497 2492 extenduntur.
1517 2420 1770 2493 Determinant
1787 2420 1826 2492 iu
1844 2409 1930 2495 cute

432 2542 559 2613 seriem
573 2539 833 2638 plicaturarum
851 2561 933 2634 quae
946 2536 1108 2611 eamdem
1127 2538 1338 2636 positionem
1355 2566 1397 2613 ac
1411 2538 1482 2613 illae
1496 2540 1674 2634 induunt,
1686 2554 1723 2615 et
1739 2566 1782 2615 eo
1797 2536 1928 2618 melina

434 2663 705 2763 perspiciuntur
727 2659 943 2758 quominus
968 2658 1139 2731 dilatatur
1162 2660 1361 2734 musculus.
1398 2659 1492 2734 Vide
1502 2662 1581 2762 fig.
1612 2664 1634 2736 5
1656 2676 1693 2735 et
1715 2662 1740 2737 6
1766 2660 1928 2766 ejsudem

434 2781 588 2873 tabulae,
615 2777 679 2853 ubi
703 2775 895 2851 notabilior
921 2790 975 2851 est
1000 2777 1060 2850 illa
1089 2776 1261 2851 dilatatio.

209 2925 321 2980 latera,
339 2912 420 2967 sactes
488 2908 635 2996 Latera,
649 2928 805 3002 quorum
819 2914 1009 2974 externum
1024 2913 1061 2973 et
1072 2901 1256 2973 internum
1269 2892 1560 2998 distinguamus
1570 2901 1724 3002 integra:
1737 2914 1931 2978 externum

227 3001 252 3042 et
265 2983 416 3040 relatiuam
577 3027 585 3042 .
876 3022 884 3037 .
1083 3022 1090 3039 .
1247 3022 1254 3036 .
1298 3021 1305 3036 .
1451 3018 1462 3038 a
1516 3023 1524 3038 .

436 3038 605 3126 congruit
624 3047 709 3096 cum
731 3020 903 3094 musculas
927 3019 1161 3095 annularibus
1189 3019 1308 3093 ultum
1336 3020 1485 3115 annuh,
1514 3037 1699 3097 internum
1733 3047 1818 3098 vero
1847 3044 1933 3100 cnm

436 3146 642 3248 sphinctere
664 3141 742 3233 ani,
765 3141 824 3219 vel
847 3166 930 3215 cum
950 3141 1021 3214 tella
1040 3140 1203 3214 cellulari
1226 3164 1308 3239 quae
1328 3141 1448 3240 ipsum
1469 3141 1681 3216 circumdat.

487 3266 577 3339 Duae
597 3264 731 3364 pariter
750 3275 837 3336 sunt
859 3261 987 3353 facies,
1012 3276 1160 3336 externa
1183 3276 1220 3335 et
1239 3261 1401 3337 interna:
1425 3267 1594 3356 externa,
1618 3261 1766 3337 visibilis
1787 3278 1931 3340 tantum

437 3390 477 3461 in
505 3400 602 3459 statu
621 3382 779 3457 naturali
796 3383 971 3475 musculi,
988 3388 1124 3458 eminet
1145 3384 1209 3459 sud
1226 3385 1452 3460 convexitate
1469 3382 1516 3458 ad
1538 3386 1752 3459 exteriorem
1776 3384 1934 3484 corporis

438 3519 578 3608 partem
601 3504 791 3596 conversa,
814 3504 853 3576 in
873 3528 911 3576 se
927 3504 1040 3603 ipsam
1063 3505 1261 3605 colligitur,
1284 3518 1321 3577 et
1335 3504 1430 3578 redit
1451 3526 1574 3579 sersus
1590 3530 1721 3599 anum,
1738 3502 1802 3579 ubi
1822 3504 1935 3581 effor-

439 3640 516 3702 mat
539 3627 696 3728 speciem
721 3625 882 3701 caritatis
903 3624 1172 3727 longitudinalis
1199 3628 1238 3700 in
1269 3626 1341 3727 qud
1364 3625 1549 3727 sphincter
1570 3638 1756 3719 versatur3
1790 3625 1936 3702 iuterna

440 3762 495 3824 est
510 3747 632 3848 plana,
657 3760 695 3819 et
713 3748 752 3819 in
773 3746 871 3819 omni
889 3747 953 3821 sud
970 3748 1209 3849 amplitudine
1225 3746 1399 3822 musculis
1416 3746 1651 3822 annularibus
1670 3747 1791 3823 ulum
1806 3748 1936 3826 annuli

440 3871 627 3964 innititur,
652 3893 727 3941 non
749 3881 803 3940 est
823 3870 1016 3967 conspicuo
1038 3871 1106 3943 nisi
1127 3870 1314 3944 musculus
1335 3867 1559 3970 sejungatur.

490 3989 593 4089 Saepe
619 3988 682 4063 ille
714 3987 901 4062 musculus
934 3989 1093 4064 radiatus
1121 3991 1179 4062 aui
1207 3990 1423 4082 instruitur,
1461 3989 1663 4064 secundum
1701 3987 1938 4067 directionem

440 4092 620 4185 linearum
635 4109 884 4184 medianarum
902 4109 1095 4185 dorsalium
1120 4123 1156 4183 et
1181 4107 1417 4202 neutralium,
1441 4107 1583 4184 duobus
1604 4106 1741 4184 sinibus
1758 4108 1940 4203 siveseis'-

442 4233 553 4323 suris,
584 4232 781 4329 presertim
802 4229 1021 4330 conspicuis,
1051 4226 1167 4329 quum
1197 4227 1519 4305 anusobservatur
1540 4228 1846 4329 quemadmodum
1862 4228 1940 4307 'de'-

442 4351 658 4425 lineavimua
681 4373 768 4422 eum
783 4350 862 4450 fig.
894 4353 937 4443 7,
960 4352 983 4424 8
1006 4364 1043 4425 et
1058 4343 1099 4425 9.
1123 4350 1202 4445 tub.
1226 4345 1315 4424 IV.
1345 4348 1390 4423 tri
1413 4347 1513 4425 sinus
1539 4363 1741 4425 cernuntur
1765 4350 1803 4423 in
1825 4376 1871 4439 a,
1901 4366 1940 4427 et

444 4470 635 4570 obliquitas
647 4468 862 4544 ultimorum
882 4471 1101 4548 annulorum
1124 4474 1297 4575 corporis,
1309 4474 1347 4546 iu
1359 4473 1493 4575 ‘quibus
1510 4496 1601 4548 anus
1617 4473 1842 4574 perforatur,
1853 4462 1942 4576 beat}

445 4592 596 4690 spicitur
613 4590 660 4663 'in
681 4590 756 4679 ad,
775 4588 858 4692 fig.
885 4592 922 4668 9.
959 4612 963 4619 ’
1270 4614 1274 4621 ·
1329 4616 1332 4623 ·
1926 4590 1933 4615 '
