4200 5842
799 526 956 625 (227)
1154 448 1337 601 b.

142 723 220 772 sore
239 695 337 771 Van
358 694 499 769 Bredo.
525 694 712 768 Delineavi
732 690 926 792 parvulum
942 686 1179 762 Lumbrioum
1201 689 1265 789 qui
1281 714 1346 788 pro
1364 687 1510 762 dimidid
1527 707 1628 790 parte
1749 675 1755 684 ⁸

143 815 286 916 capsullr
297 815 362 890 sud
373 812 703 912 comprehenditur.
726 810 832 911 (Vid.
851 810 942 880 rat.
956 807 1066 880 VII.
1069 807 1145 906 fig.
1165 808 1228 906 5.)
1246 808 1311 905 (1).
1331 809 1457 899 Quum
1474 812 1628 919 capsulis

143 950 287 1034 tempus
316 957 392 1007 sese
415 932 604 1008 evolvendi
624 931 866 1032 permittitur,
893 926 1190 1001 animadvertitur
1214 927 1306 1026 ipsas
1333 930 1372 1000 in
1396 928 1483 1003 duas
1510 945 1648 1029 partes·

144 1055 276 1154 aperiri
298 1068 453 1152 quarum
473 1078 546 1124 una
577 1051 728 1126 solvitur
745 1049 814 1127 sub
838 1050 952 1123 lormd
978 1048 1099 1147 pileoli
1122 1048 1280 1150 majoris,
1305 1038 1413 1125 etsie
1439 1055 1631 1130 transitum

144 1175 295 1274 parvulo
319 1173 512 1246 Lumbrico
537 1171 690 1272 praebet:
718 1171 814 1271 quod
835 1169 964 1243 accidit
985 1193 1107 1242 mense
1127 1170 1223 1242 Maii.

87 1366 90 1373 .
192 1293 231 1366 si
252 1294 341 1367 ratio
363 1292 517 1366 habetur
534 1293 663 1366 harum
681 1276 987 1384 observationum,
1002 1315 1112 1363 nemo
1130 1289 1295 1364 dubitare
1316 1305 1433 1391 potest
1452 1295 1540 1393 quin
1557 1293 1630 1368 illae

145 1412 300 1513 capsulae
318 1413 432 1487 varias
450 1409 607 1483 habeant
623 1409 835 1483 evolutionis
852 1409 1001 1508 gradus,
1022 1424 1059 1483 et
1077 1435 1200 1485 earum
1218 1411 1432 1488 evolutionis
1455 1415 1631 1488 terminus

144 1536 191 1605 sit
213 1532 376 1632 expulsio
397 1530 539 1631 parvuli
556 1529 753 1604 Lumbrici.
775 1529 985 1629 Magnitudo
1003 1532 1114 1630 igitur
1135 1533 1248 1604 variat
1265 1557 1349 1605 eum
1365 1547 1467 1606 aetate
1488 1548 1524 1607 et
1545 1559 1629 1608 cum

145 1652 271 1728 etdem
314 1652 541 1725 modificatur
576 1651 704 1722 forma.
754 1650 919 1747 Exiguus
956 1674 1073 1723 uncus
1113 1652 1220 1722 etiam
1260 1654 1474 1724 mutationes
1521 1653 1629 1726 subit.

69 1827 72 1833 t
145 1774 297 1872 Propter
318 1774 437 1844 omnia
458 1770 518 1843 illa
546 1769 780 1870 phaenomena
803 1767 936 1842 habere
958 1772 1159 1868 possuimus
1172 1769 1249 1843 illas
1264 1771 1425 1869 capsulas
1446 1786 1631 1872 tamquam

141 1918 218 1964 ova
242 1893 442 1964 evolutivo.
1279 1902 1281 1906 ‘

194 2010 265 2083 Sed
283 2037 329 2083 an
352 2009 475 2086 rer'era
492 2024 577 2083 srmt
596 2007 687 2084 ora?
715 2009 838 2100 Certe,
861 2008 890 2080 si
910 2007 1158 2081 tantummodo
1178 2007 1356 2109 simplices
1371 2008 1632 2085 observationes

147 2132 376 2204 instituissem
399 2131 436 2202 in
460 2130 568 2204 solam
591 2110 746 2230 speciem
773 2128 913 2227 dequt
940 2129 1000 2201 hic
1021 2127 1168 2227 loquor,
1193 2128 1271 2202 illas
1292 2129 1453 2229 capsulas
1482 2129 1632 2204 habuis-

147 2274 223 2322 sem
243 2263 426 2348 tamquam
449 2276 527 2323 ora.
558 2252 702 2322 Etenim
723 2263 809 2324 sunt
830 2248 1025 2349 simplices,
1050 2249 1203 2349 repletas
1222 2249 1418 2324 substantid
1442 2249 1633 2350 albugined

148 2371 187 2441 in
213 2396 284 2473 qua
309 2370 543 2469 distinguitur
564 2368 730 2469 embry03
753 2369 924 2461 ulterius,
952 2367 1099 2468 embryo
1121 2368 1242 2442 induit
1261 2368 1412 2442 sormam
1435 2369 1633 2444 Lumbrici.

148 2489 289 2562 Unicus
316 2488 564 2562 tantummodo
590 2487 804 2562 Lumbricus
834 2489 872 2560 in
904 2487 1047 2585 capsula
1077 2502 1239 2563 versatur
1266 2503 1303 2562 et
1323 2488 1384 2562 illa
1411 2490 1555 2589 capsula
1579 2505 1633 2563 est

149 2608 417 2682 oro'1'dea.lnde
438 2634 510 2681 non
533 2622 691 2708 poteram
715 2607 939 2682 confundere
962 2607 1056 2679 hanc
1080 2607 1262 2705 capsulam
1285 2634 1368 2684 cum
1387 2608 1633 2707 putaminibus

147 2726 368 2802 Hirudinum
391 2741 428 2800 et
451 2729 565 2825 ipsam
588 2740 769 2827 tamquam
798 2755 907 2801 ovam
930 2728 1063 2802 hebere
1084 2729 1270 2802 debebam.

198 2847 285 2939 Sed,
317 2845 621 2922 observationibus
651 2872 716 2946 per
742 2848 830 2922 duos
853 2852 1023 2921 continuo
1046 2873 1156 2920 annos
1181 2849 1220 2920 in
1253 2848 1522 2944 Erpobdellom
1547 2851 1634 2921 out

148 2992 280 3063 garena
312 2968 532 3039 Lam-orckii
556 2969 751 3058 institutis,
778 2970 817 3039 in
844 2969 1057 3040 contrariam
1085 2965 1154 3038 abii
1186 2968 1413 3039 sententiam.
1456 2967 1540 3039 Vidi
1566 2967 1636 3040 hoc

151 3113 263 3178 anno,
297 3088 430 3159 animal
461 3088 675 3187 progignere
706 3087 865 3186 capsulas
891 3087 935 3160 ab
961 3113 1034 3160 uno
1066 3085 1178 3157 latere
1211 3099 1393 3176 curvatas,
1430 3085 1553 3185 planas
1590 3086 1635 3159 ab

150 3206 262 3279 altero
286 3207 339 3304 (2)
379 3207 584 3278 terminatas
611 3206 768 3279 adduas
794 3205 1036 3278 extremitates
1062 3201 1260 3300 appendice
1285 3203 1497 3295 unciformi,
1527 3204 1635 3277 simili

150 3325 340 3426 appendici
360 3349 445 3423 quae
460 3328 630 3398 terminat
644 3323 825 3424 capsulam
840 3324 1023 3398 Lumbrici
1039 3321 1206 3422 vulgaris.
1225 3321 1377 3422 Capsula
1393 3322 1634 3422 Erpobdellae‚

150 3444 267 3543 quoad
290 3443 522 3516 substantiam
544 3470 664 3536 suam,
694 3448 840 3519 omnino
865 3458 919 3518 est
945 3443 1068 3518 similis
1098 3442 1251 3543 capsulae
1272 3443 1474 3536 Lumbrici3
1508 3444 1636 3518 subni-

150 3564 246 3660 grior
270 3562 520 3635 tantummodo
550 3576 614 3634 est.
649 3563 829 3636 Mensibns
862 3563 946 3637 Maii
974 3577 1012 3636 et
1037 3563 1159 3656 lunii,
1192 3562 1345 3663 capsula
1371 3563 1635 3662 Erpobdellaea

150 3677 290 3753 duobus
317 3680 602 3752 extremitatibus
632 3687 864 3779 aperiuntur,
902 3684 1040 3781 exiguae
1070 3681 1284 3781 appendices
1316 3684 1535 3756 unciformes
1564 3684 1636 3756 sol-

150 3811 289 3871 vuntur
308 3811 345 3870 et
368 3799 580 3896 relinquunt
596 3798 684 3872 duas
705 3813 890 3898 aperturas
911 3801 988 3872 fere
1006 3800 1197 3874 circulares
1213 3826 1279 3898 per
1293 3826 1382 3899 quas
1399 3802 1635 3900 egrediuntur

150 3916 253 4015 pulli.
282 3916 328 3988 Hi
359 3919 397 3988 in
421 3917 563 4014 capsul‘d
589 3932 737 4015 possunt
761 3922 915 4018 perspici
943 3919 1050 4019 longo
1088 3933 1249 4020 tempore
1279 3934 1470 4019 antequam
1498 3948 1637 4021 appen-

151 4035 246 4125 dices
266 4035 390 4108 solutae
414 4037 497 4134 ipsis
518 4039 708 4110 transitum
731 4037 906 4135 praebent.
931 4039 1160 4112 Pelluciditas
1184 4040 1337 4139 capsulae
1361 4067 1484 4115 eorum
1513 4043 1637 4115 obser-

183 4283 339 4353 (1)Typis
360 4286 415 4351 jour
439 4283 568 4337 mandatl
586 4284 666 4338 hacce
683 4285 798 4355 pagins,
814 4286 902 4355 accepi
923 4287 978 4339 vol.
999 4286 1068 4341 XIV
1087 4286 1191 4356 operis:
1213 4289 1346 4342 Annales
1355 4291 1402 4343 des
1419 4293 1540 4342 scieuces
1558 4298 1636 4343 nctu-

150 4375 246 4435 relles,
263 4390 318 4444 quo
343 4374 514 4427 continetur:
539 4377 675 4428 Nonvetlc
694 4377 785 4427 ιιοιὶοσ
799 4377 903 4430 sortes
918 4377 990 4442 oeufs
1012 4377 1050 4430 du
1068 4375 1235 4431 burthricus
1250 4381 1400 4443 terrestris,
1420 4389 1529 4432 auctore
1544 4379 1635 4432 Leone

149 4463 268 4516 Dufour.
303 4464 353 4516 ille
373 4474 465 4517 auctor
479 4465 535 4518 fere
552 4466 658 4517 easdem
671 4464 751 4523 dedit
766 4463 865 4536 figuras
883 4480 913 4518 ac
929 4463 992 4518 illus
1008 4480 1076 4533 quos
1092 4462 1237 4522 detinent

182 4556 231 4619 (a)
248 4554 307 4608 Hoc
322 4555 410 4608 oritur
424 4572 457 4607 ex
473 4572 505 4607 eo
521 4555 594 4626 quod
613 4573 659 4609 eas
672 4555 789 4626 applicet
807 4554 960 4624 incorpora
978 4555 1062 4625 plane
1074 4591 1082 4620 ‚
1095 4552 1216 4608 utlsolia
1234 4552 1408 4624 plantarum,
1424 4563 1493 4621 etc,
1508 4553 1531 4607 si
1545 4554 1638 4609 liberm

148 4652 235 4696 esseut
251 4643 382 4714 capsulae,
396 4643 633 4706 sescntoro'r'deae,
652 4644 694 4697 uti
710 4642 826 4713 capsula
837 4636 1056 4697 Lumbricomm.
