4244 5850
968 468 1122 570 (Μ)

304 656 481 746 quantum
505 640 581 714 fieri
606 628 745 739 poterat
763 650 928 728 extenso,
951 633 1086 735 absque
1107 645 1150 708 ut
1162 648 1375 735 separentur
1395 652 1531 738 partes,
1550 642 1790 717 extremitati-

298 767 367 841 bus
378 763 492 854 alliai3
509 775 599 836 tunc
614 760 743 833 leviter
756 758 917 831 secabam
934 755 1116 830 musculos
1126 754 1251 830 decem
1263 755 1482 833 annulorum
1500 758 1581 857 (155i
1593 760 1639 833 ad
1653 762 1790 862 55η),

298 891 347 959 ita
364 899 407 959 ut
424 886 463 956 iu
483 893 716 980 conspectum
737 877 834 952 nuda
859 878 1040 952 venissent
1060 875 1285 950 filamentum
1308 902 1523 972 nervosum,
1545 883 1674 956 arteria
1703 908 1791 958 uer-

299 1003 574 1083 voso-ventralis
597 1017 634 1076 et
658 998 940 1076 vena-ventralis
956 998 1119 1073 mediana
1136 1023 1222 1072 curu
1245 998 1459 1098 quibusdam
1476 1003 1792 1079 ramificationibua
1881 1048 1885 1057 ·

299 1123 579 1217 intestiualibus3
600 1120 829 1197 sublevabam
847 1146 906 1194 eas
921 1135 1039 1221 partes
1053 1145 1120 1219 ope
1136 1123 1312 1193 acuminis
1328 1123 1543 1223 complanati
1561 1123 1679 1199 obtusi
1696 1126 1793 1200 scal-

299 1248 403 1350 pelli,
425 1261 462 1321 et
487 1244 556 1319 sub
577 1268 637 1318 eos
657 1241 846 1343 parvulam
866 1242 1064 1316 eburneam
1088 1255 1127 1315 et
1144 1240 1358 1315 albissimam
1384 1240 1565 1315 lamellam
1592 1245 1790 1322 introduxi.

299 1372 352 1443 Eo
384 1366 491 1441 modo
520 1391 601 1439 rasa
633 1363 838 1464 sanguifera
874 1363 987 1439 vividi
1024 1361 1125 1437 rubri
1159 1362 1285 1436 coloris
1315 1362 1422 1436 facile
1453 1363 1791 1464 distinguebantur3

199 1506 203 1511 ’
300 1501 512 1590 apparatum
542 1464 773 1582 mic-roseopio
804 1481 952 1556 submisi
977 1497 1014 1555 et
1036 1484 1233 1583 potentiam
1260 1482 1539 1583 amplificantem
1563 1487 1647 1560 vitri
1674 1513 1793 1588 usque

301 1609 346 1684 ad
370 1609 442 1684 150
474 1606 646 1679 diametra
677 1603 820 1676 adauxi.
851 1601 1001 1703 Objeeta
1026 1601 1181 1702 desuper
1206 1600 1372 1675 lucebam
1397 1627 1465 1702 ope
1490 1606 1575 1678 vitri
1602 1605 1793 1683 biconvexi

303 1747 341 1808 et
358 1728 496 1832 speculi
519 1726 712 1801 reflecteris
736 1722 940 1823 parabolici.
965 1726 1267 1823 Experimentum
1288 1723 1333 1795 ad
1351 1737 1554 1823 peroptatus
1570 1727 1688 1800 exitus
1704 1712 1792 1828 pro-

302 1867 448 1928 vectum
475 1862 540 1923 est.
572 1847 794 1947 Sanguinem
821 1843 1059 1919 animadverti
1080 1844 1117 1915 in
1145 1867 1225 1914 rasa
1250 1855 1287 1914 et
1315 1843 1491 1916 arterialia
1511 1857 1549 1918 et
1574 1871 1702 1920 venosa
1726 1847 1793 1924 de·

302 1975 495 2062 fluentem,
534 1965 840 2070 quemadmodum
867 1965 989 2039 oleum
1020 1965 1059 2037 in
1092 1961 1197 2036 tubos
1234 1963 1388 2055 vitreos3
1427 1978 1546 2039 motus
1582 1970 1680 2042 enim
1719 1995 1794 2044 nou

305 2093 453 2170 risibilis
479 2089 586 2163 fiebat
606 2088 674 2162 nisi
699 2085 827 2189 majori
852 2084 1092 2184 amplitudine
1116 2107 1187 2184 qua
1210 2081 1430 2158 alliciebatur
1455 2111 1514 2159 vas
1540 2112 1583 2161 eo
1612 2106 1795 2166 momento

304 2229 342 2288 et
364 2214 477 2287 latere
498 2236 572 2310 quo
591 2205 804 2282 adveniebat
822 2205 961 2305 liquor3
983 2230 1068 2277 nam
1093 2203 1196 2277 nullo
1218 2229 1366 2303 corpore
1384 2205 1423 2276 in
1445 2231 1594 2280 massam
1609 2212 1796 2308 sanguinis

305 2346 493 2422 contento,
513 2328 593 2432 ejus
615 2328 738 2404 fluxus
759 2328 973 2427 conspicuus
993 2323 1112 2398 fiebat.
1140 2324 1235 2423 Ergo
1260 2348 1328 2397 nec
1348 2322 1466 2399 bullas
1487 2331 1570 2401 aere
1596 2353 1662 2403 seu
1683 2329 1797 2405 fluido

304 2452 487 2528 aeriformi
499 2448 668 2549 repletas,
686 2471 755 2521 nec
762 2445 930 2548 globulos
941 2446 1113 2518 continet.
1135 2443 1287 2542 (Quoad
1303 2444 1432 2518 horum
1446 2449 1682 2546 posteriorum
1698 2452 1796 2527 exis-

305 2575 456 2649 tentiam
478 2567 640 2674 jamjam‚
667 2592 749 2669 pag.
776 2569 870 2658 170,
894 2564 1034 2639 nullam
1053 2567 1091 2637 iu
1111 2566 1287 2664 sanguine
1305 2565 1490 2639 Lumbrici
1513 2593 1589 2641 esse
1613 2570 1723 2672 dixi.)

355 2694 462 2768 Tunc
484 2715 553 2791 ope
574 2714 659 2763 aeus
680 2687 808 2789 aperui
837 2686 1130 2760 ramificationem
1152 2685 1393 2761 intestinalem
1419 2712 1520 2761 vente
1539 2716 1656 2764 cavae:
1677 2690 1798 2769 subito

306 2816 451 2915 sanguis
474 2808 729 2914 projiciebatur
757 2819 795 2880 et
819 2805 866 2880 ad
889 2803 1044 2878 lamellae
1067 2803 1237 2879 eburneae
1261 2808 1489 2906 superficiem
1517 2810 1648 2910 exigua
1675 2825 1799 2889 umen

307 2935 508 3038 quantitate
530 2928 817 3022 extendebatur3
855 2952 940 3001 mox
964 2924 1227 3027 distinguebam
1252 2925 1369 3002 bullas
1394 2929 1563 3029 parvulas
1594 2930 1799 3033 dequibus

307 3059 399 3158 jam,
425 3068 479 3128 ast
495 3053 605 3128 etiam
623 3075 696 3125 non
719 3046 848 3149 magud
869 3048 991 3147 eopia:
1014 3046 1112 3148 quod
1128 3045 1360 3147 probabiliter
1373 3073 1416 3121 er
1435 3051 1683 3150 magnitudine
1706 3055 1799 3127 vasis

307 3176 404 3278 quod
428 3170 656 3275 perforabam
689 3183 727 3244 et
756 3165 836 3271 ejus
859 3168 990 3241 minori
1012 3169 1049 3242 v'i
1077 3169 1288 3267 sanguinem
1313 3170 1480 3244 movendi
1514 3172 1801 3276 projiciendique

308 3295 500 3398 pendebat.
526 3294 678 3392 Sanguis
705 3287 968 3381 exsiccabatur,
997 3287 1132 3363 relictis
1160 3290 1361 3366 innumeris
1387 3290 1485 3365 fibris
1512 3292 1557 3366 de
1585 3293 1717 3396 quibus
1743 3295 1801 3370 lo-

310 3431 416 3493 cutus
438 3441 520 3490 sum
543 3426 581 3487 et
601 3436 691 3512 quas
711 3409 902 3487 delineari.
1244 3440 1247 3445 ·

359 3538 466 3612 Hisce
488 3561 575 3635 ergo
598 3529 903 3609 observationibus
920 3554 986 3629 pro
1010 3553 1095 3604 vem
1118 3529 1290 3629 probatur
1310 3534 1524 3632 sanguinem
1544 3535 1583 3607 in
1598 3549 1692 3611 statu
1720 3536 1801 3640 ejus

309 3660 436 3736 saltem
465 3655 616 3731 normali
649 3652 879 3754 naturalique
905 3648 1045 3725 nullam
1071 3649 1209 3724 bullam
1239 3652 1330 3724 adria
1361 3678 1429 3726 nec
1459 3653 1562 3728 fluidi
1599 3656 1801 3732 atiriformis

311 3783 514 3870 continere,
546 3789 600 3850 ast
623 3799 683 3850 eas
715 3772 831 3847 bullas
851 3773 890 3846 in
924 3796 968 3846 eo
997 3771 1116 3849 evolvi
1143 3774 1283 3847 actione
1311 3775 1401 3849 airis
1429 3777 1558 3876 quiin
1585 3779 1802 3878 sanguinem

311 3901 553 3978 introducitur
579 3912 617 3973 et
643 3912 733 4005 [cum
760 3920 804 3970 eo
832 3898 1026 3986 runcatur,
1056 3920 1141 3968 cum
1169 3893 1288 3994 liquor
1315 3896 1381 3969 iste
1415 3921 1460 3969 ex
1493 3923 1641 3997 corpore
1666 3913 1704 3973 et
1732 3925 1802 4001 per

311 4029 432 4100 adrem
456 4019 586 4095 minori
609 4016 780 4122 majoriae
803 4016 840 4092 vi
869 4013 1091 4119 projiciatur.
1125 4015 1246 4090 Status
1273 4041 1358 4118 ergo
1384 4020 1567 4119 sanguinis
1590 4033 1690 4094 extra
1719 4045 1803 4095 vasa

312 4144 489 4234 suffusus,
506 4139 801 4241 quem-descripsi
817 4164 855 4238 p.
872 4136 965 4230 168,
981 4138 1149 4238 sanguini
1169 4137 1310 4214 invasis
1325 4153 1494 4212 contento
1508 4165 1582 4212 non
1598 4141 1803 4215 communis

312 4280 378 4340 est.
408 4263 600 4337 Posteriori
621 4264 660 4333 iu
692 4283 795 4354 casu,
828 4258 973 4358 sanguis
996 4255 1117 4357 liquor
1143 4270 1197 4331 est
1219 4256 1483 4359 homogeneus‚
1516 4258 1681 4335 omnibus
1715 4284 1804 4361 par-

313 4386 410 4461 tibus
431 4408 534 4485 aeque
554 4381 735 4484 liquidus3
756 4405 842 4455 cum
858 4394 982 4454 autem
1002 4378 1148 4477 sanguis
1169 4390 1312 4477 egestus
1332 4403 1405 4450 uon
1421 4378 1567 4478 equalis
1583 4393 1636 4452 est
1651 4378 1805 4480 liquidi-

314 4501 415 4600 tatis‚
436 4505 607 4607 quoniam
629 4505 669 4578 in
690 4526 734 4577 eo
752 4515 870 4601 partes
885 4501 1119 4589 continentur
1139 4497 1250 4575 fluido
1270 4499 1453 4574 atriformi
1474 4501 1634 4601 repletae.
1657 4500 1805 4578 Format
