4244 5850
962 514 979 611 (
1003 514 1076 588 192

272 734 278 745 ·
298 679 540 784 lromogenel,
562 677 740 772 subflavis3
756 701 802 753 ex
823 702 913 778 quo,
935 677 1054 776 inquit
1072 687 1215 766 auctor,
1235 677 1400 752 concludi
1419 696 1536 779 posset
1556 685 1661 761 illum
1681 688 1782 764 solli.

299 805 423 879 culum
446 826 571 877 verum
594 823 669 872 esse
688 821 809 872 ovum.
832 796 996 870 Ulterius
1016 793 1140 898 adjicit
1159 796 1305 870 fortasse
1324 799 1533 874 Lumbricos
1551 827 1627 878 esse
1642 809 1784 910 vitipa-

146 934 151 939 ·
299 951 374 1017 ros,
404 921 466 997 sed
496 934 645 994 matrem
674 920 885 1020 segregatim
911 916 1028 1017 pullos
1052 915 1128 988 tela
1144 916 1563 994 corneo-membranacea
1589 922 1781 1003 obducere.

299 1041 488 1143 Quidquid
496 1043 543 1115 sit
552 1040 598 1114 de
608 1039 677 1112 htc
687 1063 746 1132 re,
763 1037 926 1138 quedam
938 1039 977 1109 in
996 1034 1103 1113 rerba
1119 1034 1173 1107 Cl.
1189 1035 1345 1136 Dufour
1354 1052 1443 1113 sunt
1452 1041 1781 1122 animadvertenda.

298 1163 482 1257 Primdm,
510 1158 716 1261 hypothesis
741 1183 850 1258 quam
876 1159 1088 1248 citavimus,
1115 1181 1136 1228 a
1158 1154 1387 1254 possibilitate
1416 1157 1579 1253 aberrat,
1610 1164 1783 1262 quoniam

299 1284 439 1358 invenit
464 1293 589 1355 auctor
614 1279 690 1378 ipse
729 1303 794 1354 cra
819 1289 884 1350 aut
909 1275 1087 1350 folliculos
1112 1275 1189 1348 sine
1216 1275 1430 1371 Lumbrioo,
1464 1279 1527 1354 sed
1559 1284 1784 1362 continurtes

298 1403 448 1505 pulpam
476 1401 734 1499 homogeneam
748 1399 788 1472 in
805 1399 877 1499 qul
893 1399 1071 1472 formatur
1090 1395 1239 1487 animal,
1260 1409 1324 1470 aut
1340 1397 1520 1472 evolvitur
1534 1400 1661 1475 eodem
1675 1402 1783 1480 modo

300 1548 343 1597 ac
363 1521 511 1621 embryo
527 1523 567 1593 in
592 1544 661 1595 ovo
682 1517 823 1617 vulgari
844 1517 1007 1618 gallinam
1031 1529 1143 1589 mater
1164 1539 1250 1613 ergo
1272 1539 1344 1587 non
1364 1528 1481 1614 potest
1505 1517 1649 1615 pullum
1673 1546 1785 1599 auum

301 1642 463 1718 folliculo
484 1640 681 1731 obducere,
703 1664 819 1739 quum
842 1663 915 1712 non
940 1639 1059 1712 existit
1076 1636 1138 1710 ille
1157 1633 1279 1734 pullus
1300 1633 1419 1708 adhuc
1437 1636 1647 1712 formandam
1674 1654 1714 1716 et
1736 1664 1784 1717 ex

301 1788 410 1839 muco
436 1785 504 1836 ovo
525 1770 693 1832 contento
719 1755 949 1832 evolvendus.
1471 1782 1476 1798 ·
1773 1814 1779 1821 .

352 1882 550 1972 Ceterum,
572 1877 773 1953 ridebimus
791 1876 957 1977 parrulos
971 1874 1179 1949 Lumbricos
1195 1874 1272 1945 sine
1287 1871 1448 1945 folliculo
1464 1875 1577 1969 nasci3
1594 1876 1658 1950 sed
1676 1878 1785 1956 facile

304 2003 382 2076 fieri
401 2013 516 2101 potest
536 2011 579 2072 ut
599 1997 740 2097 parvuli
761 1995 943 2070 Lumbrici
966 2006 1148 2067 terrestres
1166 1994 1204 2065 in
1224 1991 1286 2064 tuli
1303 1993 1448 2091 capsulir
1472 1996 1700 2094 reperiantur
1717 2024 1787 2078 nec

305 2138 425 2197 tamen
448 2123 486 2194 in
508 2132 603 2192 statu
628 2117 783 2191 naturali
804 2130 931 2190 essent.
956 2115 1010 2188 Cl.
1036 2112 1192 2210 Dufour
1212 2119 1264 2185 ait
1287 2138 1324 2185 se
1342 2112 1402 2186 illa
1422 2138 1568 2214 corpora
1599 2119 1639 2190 in
1661 2116 1787 2221 argilll

304 2237 552 2315 tantummodo
575 2238 786 2336 reperiisse,
821 2249 979 2308 attamen
1004 2233 1161 2307 multum
1185 2231 1284 2305 abest
1309 2245 1352 2306 ut
1378 2236 1496 2307 omnia
1526 2235 1588 2310 illa
1619 2240 1787 2316 animalia

303 2360 414 2434 telem
438 2371 569 2431 terram
593 2353 763 2428 incolant.
795 2353 1059 2427 Phaenomenon
1083 2365 1206 2424 tamen
1231 2351 1277 2424 ab
1302 2350 1364 2424 illo
1390 2366 1537 2428 auctore
1560 2354 1787 2435 observatum

305 2478 502 2554 sufficiente
511 2474 618 2550 rncdo
626 2473 747 2547 adhuc
755 2473 926 2573 explicari
935 2487 1065 2572 potest,
1077 2472 1379 2572 quemadmodum
1390 2473 1543 2549 inferius
1554 2475 1786 2580 dioemusfl).

748 2691 887 2787 Opinio
912 2691 1117 2762 clarissimi
1140 2690 1254 2763 Home
1278 2689 1364 2789 (2).

355 2855 528 2957 Anglicus
549 2853 769 2927 anatomicos
791 2852 838 2925 ab
859 2851 1025 2925 omnibus
1045 2853 1180 2925 caeteris
1204 2852 1408 2928 auctoribus
1432 2856 1577 2928 omnino
1602 2854 1791 2932 dissentit:

306 2976 541 3078 phaenomena
562 2997 644 3072 quae
665 2971 816 3045 affirmat
834 2985 920 3045 sunt
939 2971 1131 3070 singularia
1155 2972 1357 3071 etquidem
1379 2973 1507 3066 unica,
1539 2977 1580 3048 ni
1598 2975 1723 3069 fallor,
1752 2978 1792 3052 in

153 3095 159 3106 ’
306 3123 418 3198 regno
439 3092 596 3168 animali.
620 3091 691 3167 Sed
710 3093 801 3167 mihi
822 3093 965 3169 videtur
987 3092 1203 3194 objectiones
1223 3091 1353 3165 multas
1374 3091 1430 3164 his
1448 3093 1677 3193 opinionibus
1701 3120 1792 3171 ocn-

308 3218 433 3289 trarias
454 3213 608 3312 proferri
638 3235 738 3311 posse
764 3213 804 3285 in
827 3211 1004 3306 medium,
1034 3212 1237 3312 etquidem
1258 3211 1314 3284 his
1338 3213 1469 3311 opponi
1489 3213 1726 3311 phaenomena
1741 3241 1792 3291 ex

310 3332 613 3410 observationibus
642 3333 754 3431 petita
782 3345 860 3406 tum
892 3359 913 3406 a
945 3331 1124 3408 veteribus
1151 3345 1231 3406 tum
1262 3357 1283 3404 a
1315 3331 1572 3407 recentioribus
1607 3335 1791 3410 institutis.

310 3452 486 3545 Quaedam
518 3448 748 3551 objiciemus,
780 3464 859 3550 post
884 3451 1030 3528 brevem
1058 3454 1316 3552 expositionem
1353 3453 1430 3552 ejus
1461 3457 1615 3528 auctoris
1639 3458 1793 3557 egregie

311 3571 581 3656 dissertationis,
611 3571 826 3644 ann01823
855 3570 970 3645 editae.

359 3693 552 3793 Sequentia
574 3715 639 3790 pro
667 3692 760 3765 reris
785 3689 830 3763 ab
847 3705 993 3765 auctore
1013 3691 1156 3764 laudato
1182 3687 1372 3779 habentur.

361 3812 440 3885 Ova
464 3809 706 3884 fecundantur
731 3811 771 3882 in
792 3813 940 3903 ciariis,
975 3825 1012 3884 et
1032 3824 1219 3911 postquam
1242 3809 1414 3883 effectum
1440 3810 1588 3909 liquoris
1614 3813 1795 3907 seminalis

312 3956 411 4033 passa
427 3943 530 4022 sunt,
552 3931 788 4003 transeuntin
802 3928 954 4003 ductum
974 3930 1270 4031 longitudinalem
1288 3943 1331 4005 ut
1345 3928 1474 4002 abeant
1484 3935 1522 4002 in
1539 3956 1658 4005 saccos
1676 3954 1796 4013 mem-¹

312 4050 502 4125 brenaceos
520 4047 718 4148 (vesiculas
734 4050 891 4148 aereas),
914 4047 958 4122 ab
977 4063 1133 4150 utroque
1152 4050 1264 4126 latere
1279 4049 1410 4123 canalis
1429 4050 1640 4125 intestinalis
1664 4077 1797 4143 occup

311 4185 442 4246 rentes.

361 4403 411 4471 (r)
428 4400 576 4472 Postquam
593 4398 643 4452 illa
659 4398 822 4469 conscripsi,
840 4400 910 4453 mihi
927 4400 1022 4454 datum
1042 4398 1097 4453 fuit
1111 4398 1311 4455 observationes
1328 4412 1344 4449 a
1360 4397 1401 4450 ct.
1419 4397 1538 4465 Duflrur
1560 4398 1701 4453 institutas
1713 4397 1797 4453 stiam

312 4509 363 4565 pro
372 4492 444 4547 reris
457 4490 570 4562 probare
581 4504 648 4560 quas
658 4504 722 4544 vero
730 4490 758 4543 in
767 4492 963 4545 commentario
973 4491 1038 4544 huic
1050 4488 1180 4560 opusculo
1197 4487 1303 4558 adjecto
1316 4500 1460 4556 exponam.
1475 4484 1576 4539 Eodem
1588 4485 1649 4540 loos
1659 4485 1746 4542 stim
1755 4501 1800 4540 rs·

315 4583 418 4636 tionem
434 4581 675 4653 phenomsnorum
695 4576 868 4646 differentia,
893 4579 983 4649 quoad
997 4579 1092 4632 modos
1108 4577 1198 4648 pullos
1212 4574 1404 4649 progignendi,
1430 4574 1494 4630 dats
1512 4574 1624 4646 rumpi

365 4674 416 4742 (a)
431 4668 635 4741 Philosophiam
652 4668 846 4740 namncticae,
866 4686 929 4741 pars
946 4672 971 4724 1.
988 4685 1050 4742 με.
1070 4670 1129 4724 rto.
1153 4667 1221 4722 anni
1244 4666 1317 4720 1825.
