4244 5850
1007 529 1020 620 l
1046 546 1083 601 ⁸¹
1110 528 1124 622 )

292 685 392 743 certo
405 683 540 743 tenere
563 670 700 769 poteris
722 665 825 766 quod
844 671 992 766 sanguis
1007 667 1116 742 vadat
1137 673 1230 745 exA
1254 675 1295 744 in
1311 674 1358 761 B,
1376 670 1511 748 scilicet
1534 674 1591 751 vel
1614 686 1762 754 sursum
1778 681 1836 756 vel

292 791 520 894 antrorsnm.
539 785 574 856 Si
601 787 732 857 contra
754 787 876 884 portio
899 786 932 870 A
951 801 1168 878 evacuatur,
1190 801 1227 861 et
1247 786 1423 887 impletur
1450 795 1571 891 portio
1590 797 1634 884 B,
1658 789 1695 868 et
1715 820 1835 893 quum

291 917 491 979 evacuatur
507 898 585 974 baec
600 897 753 989 ultima,
771 896 947 998 impletur
968 899 1121 975 demum
1142 905 1190 993 A,
1211 920 1301 979 tunc
1324 908 1364 976 in
1381 920 1508 1006 aperto
1530 912 1599 982 erit
1615 915 1834 1009 sanguinem

292 1014 451 1119 propelli
477 1042 520 1090 ex
538 1019 620 1089 Bin
635 1019 686 1104 A,
705 1011 840 1088 scilicet
859 1013 916 1090 vel
938 1015 1113 1090 deorsum
1136 1017 1192 1091 vel
1210 1027 1424 1094 retrorsum.
1442 1025 1557 1121 Atqui
1579 1041 1731 1100 notatur
1748 1052 1835 1101 con·

292 1136 472 1209 tractione
493 1158 560 1207 sua
576 1134 763 1206 evacuatio
783 1136 894 1221 vasis,
919 1129 1133 1207 dilatatione
1149 1141 1236 1210 vero
1253 1137 1332 1236 ejus
1353 1134 1519 1236 impletio
1539 1168 1546 1210 :
1563 1165 1650 1238 ergo
1671 1155 1835 1216 contrac-

292 1252 442 1323 tionum
458 1246 792 1350 dilatationumque
808 1245 900 1319 ordo
917 1249 956 1318 in
974 1246 1174 1321 Lumbrico
1195 1250 1412 1324 statuendus
1427 1267 1498 1343 est;
1515 1254 1578 1328 sed
1590 1253 1767 1328 ubinam?
1777 1256 1836 1331 Ad

295 1380 438 1463 partem
462 1365 642 1437 nimirum
665 1365 906 1462 posteriorem
926 1368 1110 1461 corporis,
1128 1363 1200 1454 ibi,
1220 1363 1286 1437 uhi
1307 1391 1368 1439 vas
1390 1367 1553 1440 ventrale
1576 1372 1669 1468 (quo
1692 1369 1836 1470 propel-

294 1476 385 1553 litur
401 1484 549 1578 sanguis
565 1477 773 1551 secundum
788 1482 1007 1551 sententiam
1025 1477 1079 1553 Cl.
1102 1483 1232 1579 Dugas)
1248 1506 1335 1552 cum
1358 1508 1441 1556 vaso
1461 1481 1595 1556 dorsali
1610 1489 1754 1559 unitur.
1770 1488 1837 1560 Ast

294 1591 390 1680 nihil
411 1599 525 1694 magis
542 1593 703 1667 arduum
726 1619 841 1691 quam
857 1591 932 1665 illic
952 1592 1024 1666 loci
1046 1592 1158 1696 hujus
1172 1594 1436 1671 observationis
1452 1603 1657 1698 institutio,
1672 1600 1836 1698 quando

295 1710 447 1809 quidem
465 1709 623 1784 infinitis
642 1708 859 1784 ramusculis
884 1706 962 1783 haec
980 1736 1062 1785 vasa
1086 1715 1376 1786 intertrieantur.
1401 1714 1612 1789 Secundum
1636 1740 1837 1814 argumen-

171 1842 175 1849 '
293 1844 377 1901 tum
397 1831 419 1901 a
440 1825 495 1911 Gl.
515 1830 628 1927 Dupes
649 1831 690 1899 in
709 1826 876 1903 medium
897 1824 1084 1926 prolatum
1101 1824 1172 1900 hoc
1198 1843 1271 1919 est,
1293 1829 1397 1927 quod
1414 1819 1554 1904 scilicet
1576 1836 1605 1903 si
1627 1836 1710 1930 quis
1725 1835 1835 1906 Lum-

293 1939 441 2018 bricum
462 1940 615 2034 bisecet,
639 1947 787 2042 sanguis
802 1940 951 2017 abunde
966 1941 1129 2044 profluat
1152 1970 1195 2017 ex
1218 1943 1360 2018 orificio
1379 1950 1470 2019 vasis
1491 1946 1665 2022 ventralis
1686 1952 1707 2019 a
1733 1965 1836 2046 parte

293 2062 469 2135 anteriori
492 2057 705 2135 animalculi
729 2075 765 2132 et
788 2063 983 2158 perexigua
1003 2065 1150 2159 copiari
1175 2077 1278 2161 parte
1299 2067 1491 2161 posteriori
1511 2087 1554 2134 ex
1574 2060 1727 2136 vulnere
1742 2064 1836 2163 ejus·

294 2172 378 2247 dem
404 2179 508 2249 vasis.
531 2173 665 2271 Quoad
687 2173 790 2249 illam
811 2173 1124 2265 observationem,
1150 2174 1522 2250 animadvertendum
1542 2191 1596 2249 est
1616 2181 1836 2276 sanguinem

295 2313 374 2361 non
381 2291 514 2391 majori
524 2295 729 2391 quantitate
736 2288 886 2363 effluere
896 2315 963 2364 nec
978 2289 1130 2363 effluere
1143 2297 1276 2391 possee
1288 2289 1465 2365 trunculo
1480 2296 1686 2392 posteriori,
1695 2297 1835 2368 etiamsi

294 2411 442 2506 sanguis
450 2413 664 2481 antrorsnm
675 2432 808 2507 pervas
819 2404 983 2481 ventrale
996 2405 1224 2506 propellatur
1232 2408 1301 2503 (uti
1311 2411 1478 2480 existimo
1490 2433 1568 2480 rem
1579 2422 1655 2480 sese
1666 2403 1833 2504 habere),

295 2525 473 2620 quoniam
490 2548 608 2596 massa
623 2522 737 2624 hujus
757 2522 912 2623 liquoris
928 2527 969 2596 in
988 2519 1101 2596 hocce
1116 2519 1291 2596 trunculo
1309 2549 1488 2622 perquam
1503 2528 1628 2625 minor
1646 2527 1837 2598 invenitur

294 2641 408 2735 quam
437 2643 479 2711 in
506 2643 712 2730 anteriorc3
737 2655 773 2713 et
799 2642 972 2740 praterea
996 2643 1065 2712 ista
1088 2664 1204 2712 massa
1229 2637 1498 2713 determinatur
1525 2655 1621 2712 statu
1646 2642 1836 2713 vacuitatis

295 2751 551 2853 repletionisve
565 2758 657 2828 vasis
671 2753 834 2828 dorsalis.
850 2758 1046 2848 Quantitas
1057 2760 1231 2828 caeterum
1251 2756 1370 2855 major
1384 2758 1573 2853 sanguinis
1585 2776 1667 2852 quae
1681 2752 1841 2854 profluit·

295 2874 405 2942 evase
419 2869 575 2944 ventrali
591 2869 755 2945 trunculi
770 2875 980 2961 anterioris,
993 2871 1155 2970 pendere
1167 2886 1286 2971 potest
1297 2887 1333 2943 et
1345 2874 1365 2943 a
1377 2868 1567 2945 volumine
1577 2867 1732 2970 hujusce
1743 2873 1836 2944 vasis

294 2998 330 3056 et
349 2983 396 3057 ab
417 2989 531 3086 ipsius
554 2988 686 3088 majori
709 2990 890 3061 minorive
910 2984 1162 3086 plenitudine,
1187 3001 1224 3059 et
1247 2985 1398 3059 tandem
1420 2989 1441 3056 a
1463 3001 1567 3058 motu
1592 2981 1835 3057 tumultuario
1862 3056 1865 3061 .

294 3122 407 3197 quem
433 3101 605 3200 producit
630 3106 671 3174 in
694 3105 841 3200 organis
862 3098 1052 3174 Lumbrici
1073 3105 1243 3174 sectionis
1264 3105 1428 3195 operatio
1451 3097 1731 3170 crudelissima:
1753 3121 1835 3194 quae

294 3211 425 3290 ultima
439 3232 564 3292 autem
579 3216 821 3291 consideratio
843 3219 997 3304 minoris
1017 3240 1096 3285 non
1114 3229 1168 3285 est
1188 3216 1380 3284 momenti.
1399 3214 1568 3307 Denique
1586 3226 1717 3284 notare
1731 3212 1836 3311 juvat

294 3329 458 3406 multum
481 3329 604 3406 abesse
631 3336 726 3429 quin
751 3355 834 3428 vasa
858 3326 1023 3401 trunculi
1050 3327 1234 3400 inferioris
1259 3338 1482 3399 evacuentur
1507 3337 1590 3423 post
1612 3327 1833 3418 sectionem,

294 3446 599 3546 quandoquidem
620 3444 742 3520 adhuc
764 3445 830 3519 din
850 3449 963 3516 vitam
985 3441 1141 3516 trahunt
1164 3446 1240 3514 istae
1263 3455 1449 3513 truncatae‘
1465 3456 1604 3539 partes,
1629 3437 1768 3539 absque
1792 3459 1835 3515 ut

294 3559 465 3635 facultate
479 3561 663 3660 gaudeant
678 3559 748 3634 sibi
768 3560 925 3634 faciendi
940 3584 1075 3634 novam
1089 3561 1278 3657 sanguinis
1294 3562 1438 3656 copiam
1457 3584 1464 3627 ε
1483 3560 1615 3630 vivunt
1628 3559 1731 3627 enim
1752 3582 1831 3631 uon

295 3678 366 3750 nisi
380 3680 417 3750 vi
430 3693 467 3750 et
483 3682 627 3751 actione
641 3681 830 3777 sanguinis
849 3681 914 3775 qui
932 3679 1023 3759 vasis
1037 3672 1201 3746 inclusus
1216 3669 1411 3745 tenebatur
1424 3695 1467 3744 eo
1483 3686 1674 3743 momento
1689 3696 1766 3768 quo
1778 3669 1833 3743 bi·

296 3806 457 3867 secatum
488 3792 561 3868 fuit
590 3818 735 3892 corpus.
768 3796 815 3864 lis
846 3805 970 3863 tamen
1004 3815 1087 3887 quae
1116 3789 1227 3861 refert
1256 3784 1311 3862 Cl.
1343 3789 1456 3886 Dugas
1488 3811 1639 3858 omnem
1672 3810 1829 3860 massam

295 3912 484 4007 sanguinis
499 3914 519 3980 ὲ
541 3913 632 3981 vasis
648 3905 814 3981 trunculi
836 3906 1018 3995 inferioris
1034 3902 1300 4003 projiciendam
1314 3927 1389 3974 esse
1405 3905 1661 4001 suspicaretur.

344 4026 429 4097 Nou
460 4020 559 4096 ultra
589 4021 803 4123 progrediar
829 4024 870 4093 in
899 4023 1067 4092 examine
1095 4016 1434 4091 considerationum
1464 4032 1501 4090 et
1525 4030 1832 4116 argumentorum

294 4136 431 4236 quibus
453 4154 608 4238 systema
622 4135 678 4215 Cl.
700 4138 813 4235 Duqes
828 4139 1022 4226 innititur,
1041 4161 1129 4207 nam
1146 4159 1190 4206 ex
1212 4131 1311 4207 hisce
1327 4133 1511 4234 quidquid
1530 4131 1576 4205 de
1596 4129 1833 4207 circulatione
1860 4132 1865 4140 ’

294 4257 334 4326 in
354 4250 561 4327 Lumbricis
578 4252 688 4342 dixit,
706 4249 807 4326 velut
827 4256 848 4324 a
864 4250 978 4324 fonde
998 4250 1203 4340 derivatur;
1221 4267 1259 4323 et
1279 4241 1372 4322 inihi
1394 4249 1516 4323 adhuc
1538 4262 1649 4321 restat
1669 4247 1832 4322 animad-

294 4385 434 4444 vertere
455 4368 607 4444 sialiter
622 4373 795 4459 sentiam,
815 4366 893 4440 solai
912 4370 1140 4466 inspectione
1163 4380 1199 4438 et
1219 4363 1474 4440 observatione
1495 4388 1621 4436 rerum
1641 4367 1832 4437 convictus

294 4485 367 4576 fui,
385 4512 473 4559 nam
490 4488 646 4558 minime
662 4479 901 4556 abhorrerem
917 4485 939 4554 a
954 4487 1135 4554 sententia
1147 4506 1261 4579 quam
1279 4483 1473 4580 proposuit
1485 4482 1541 4552 vir
1558 4480 1670 4550 tantis
1679 4481 1831 4574 ingenio

210 4627 213 4633 ·
293 4615 330 4675 et
353 4600 524 4674 doctrina
545 4615 733 4701 praestans.
760 4601 829 4671 Hic
855 4622 941 4695 ergo
969 4594 1142 4671 brevibus
1171 4593 1292 4670 verbis
1316 4599 1500 4695 praecipua
1514 4607 1732 4690 argumenta
1747 4594 1832 4687 qui·

294 4714 365 4807 bus
390 4712 668 4793 circulationem
690 4711 786 4788 effici
810 4737 854 4786 eo
878 4712 990 4786 modo
1014 4735 1126 4811 quem
1148 4711 1223 4785 dixi
1247 4713 1381 4810 pagina
1409 4706 1477 4798 164
1494 4705 1650 4808 hujusce
1663 4704 1830 4807 opusculi

296 4816 471 4933 probavi,
495 4831 629 4937 addam
659 4860 666 4905 :
698 4840 731 4902 ιο
751 4831 929 4929 inspectio
950 4851 1197 4929 organorum,
1221 4848 1426 4923 eorumque
1445 4823 1655 4924 dispositio,
1684 4832 1720 4894 2⁰
1742 4819 1829 4894 rela-

486 5048 689 5117 ·-0
