<?xml version="1.0" encoding="UTF-8"?>
<!DOCTYPE html PUBLIC "-//W3C//DTD XHTML 1.0 Transitional//EN"
    "http://www.w3.org/TR/xhtml1/DTD/xhtml1-transitional.dtd">
<html xmlns="http://www.w3.org/1999/xhtml" xml:lang="en" lang="en">
 <head>
  <title>
</title>
<meta http-equiv="Content-Type" content="text/html;charset=utf-8" />
  <meta name='ocr-system' content='tesseract 3.04.00' />
  <meta name='ocr-capabilities' content='ocr_page ocr_carea ocr_par ocr_line ocrx_word'/>
</head>
<body>
  <div class='ocr_page' id='page_1' title='image "./delumbriciterre00morrgoog_0106.png"; bbox 0 0 4244 5850; ppageno 0'>
   <div class='ocr_carea' id='block_1_1' title="bbox 1090 494 1225 592">
    <p class='ocr_par' dir='ltr' id='par_1_1' title="bbox 1090 494 1225 592">
     <span class='ocr_line' id='line_1_1' title="bbox 1090 494 1225 592; baseline 0.007 -1"><span class='ocrx_word' id='word_1_1' title='bbox 1090 494 1225 592; x_wconf 48' lang='grc' dir='ltr'><strong>(ὅθ)</strong></span> 
     </span>
    </p>
   </div>
   <div class='ocr_carea' id='block_1_2' title="bbox 271 659 1906 2577">
    <p class='ocr_par' dir='ltr' id='par_1_2' title="bbox 271 659 1906 2577">
     <span class='ocr_line' id='line_1_2' title="bbox 401 659 1905 759; baseline -0.003 -16"><span class='ocrx_word' id='word_1_2' title='bbox 401 668 633 743; x_wconf 64' lang='lat' dir='ltr'><strong>obremus</strong></span> <span class='ocrx_word' id='word_1_3' title='bbox 651 663 825 737; x_wconf 86' lang='lat' dir='ltr'><strong>ultimum</strong></span> <span class='ocrx_word' id='word_1_4' title='bbox 849 659 1030 734; x_wconf 82' lang='lat' dir='ltr'><strong>annulum</strong></span> <span class='ocrx_word' id='word_1_5' title='bbox 1051 674 1246 735; x_wconf 85' lang='lat' dir='ltr'><strong>externum</strong></span> <span class='ocrx_word' id='word_1_6' title='bbox 1260 659 1467 759; x_wconf 76' lang='lat' dir='ltr'><strong>quiremus</strong></span> <span class='ocrx_word' id='word_1_7' title='bbox 1485 659 1679 735; x_wconf 89' lang='lat' dir='ltr'><strong>dimidium</strong></span> <span class='ocrx_word' id='word_1_8' title='bbox 1697 659 1822 737; x_wconf 78' lang='lat' dir='ltr'><strong>lateris</strong></span> <span class='ocrx_word' id='word_1_9' title='bbox 1833 683 1905 739; x_wconf 75' lang='lat' dir='ltr'><strong>m·</strong></span> 
     </span>
     <span class='ocr_line' id='line_1_3' title="bbox 400 781 1906 891; baseline -0.002 -32"><span class='ocrx_word' id='word_1_10' title='bbox 400 791 552 891; x_wconf 68' lang='lat' dir='ltr'><strong>potioris</strong></span> <span class='ocrx_word' id='word_1_11' title='bbox 575 787 685 858; x_wconf 82' lang='lat' dir='ltr'><strong>hahet</strong></span> <span class='ocrx_word' id='word_1_12' title='bbox 704 788 826 856; x_wconf 88' lang='lat' dir='ltr'><strong>sinum</strong></span> <span class='ocrx_word' id='word_1_13' title='bbox 846 810 894 870; x_wconf 88' lang='lat' dir='ltr'><strong>o,</strong></span> <span class='ocrx_word' id='word_1_14' title='bbox 917 781 1018 855; x_wconf 91' lang='lat' dir='ltr'><strong>unde</strong></span> <span class='ocrx_word' id='word_1_15' title='bbox 1039 784 1081 854; x_wconf 85' lang='lat' dir='ltr'><strong>fit</strong></span> <span class='ocrx_word' id='word_1_16' title='bbox 1099 796 1145 855; x_wconf 89' lang='lat' dir='ltr'><strong>ut</strong></span> <span class='ocrx_word' id='word_1_17' title='bbox 1163 781 1330 857; x_wconf 79' lang='lat' dir='ltr'><strong>rideatur</strong></span> <span class='ocrx_word' id='word_1_18' title='bbox 1352 806 1429 856; x_wconf 78' lang='lat' dir='ltr'><strong>esse</strong></span> <span class='ocrx_word' id='word_1_19' title='bbox 1452 785 1671 884; x_wconf 85' lang='lat' dir='ltr'><strong>compositus</strong></span> <span class='ocrx_word' id='word_1_20' title='bbox 1691 808 1741 863; x_wconf 79' lang='lat' dir='ltr'><strong>ex</strong></span> <span class='ocrx_word' id='word_1_21' title='bbox 1757 781 1906 861; x_wconf 78' lang='lat' dir='ltr'><strong>duobus</strong></span> 
     </span>
     <span class='ocr_line' id='line_1_4' title="bbox 271 901 1905 1002; baseline 0.001 -24"><span class='ocrx_word' id='word_1_22' title='bbox 271 922 351 978; x_wconf 61' lang='lat' dir='ltr'><strong>toti.</strong></span> <span class='ocrx_word' id='word_1_23' title='bbox 401 910 492 984; x_wconf 79' lang='lat' dir='ltr'><strong>tobis</strong></span> <span class='ocrx_word' id='word_1_24' title='bbox 509 911 580 995; x_wconf 86' lang='lat' dir='ltr'><strong>ab,</strong></span> <span class='ocrx_word' id='word_1_25' title='bbox 605 909 675 992; x_wconf 81' lang='lat' dir='ltr'><strong>ba,</strong></span> <span class='ocrx_word' id='word_1_26' title='bbox 703 905 879 977; x_wconf 64' lang='lat' dir='ltr'><strong>dntinctis</strong></span> <span class='ocrx_word' id='word_1_27' title='bbox 896 917 935 976; x_wconf 90' lang='lat' dir='ltr'><strong>et</strong></span> <span class='ocrx_word' id='word_1_28' title='bbox 955 905 1139 1002; x_wconf 85' lang='lat' dir='ltr'><strong>separatis.</strong></span> <span class='ocrx_word' id='word_1_29' title='bbox 1167 903 1215 973; x_wconf 87' lang='lat' dir='ltr'><strong>Hi</strong></span> <span class='ocrx_word' id='word_1_30' title='bbox 1233 901 1308 975; x_wconf 88' lang='lat' dir='ltr'><strong>lobi</strong></span> <span class='ocrx_word' id='word_1_31' title='bbox 1324 904 1554 979; x_wconf 79' lang='lat' dir='ltr'><strong>circumdant</strong></span> <span class='ocrx_word' id='word_1_32' title='bbox 1573 930 1619 978; x_wconf 88' lang='lat' dir='ltr'><strong>ex</strong></span> <span class='ocrx_word' id='word_1_33' title='bbox 1639 932 1666 977; x_wconf 88' lang='grc' dir='ltr'><em>α</em></span> <span class='ocrx_word' id='word_1_34' title='bbox 1684 906 1725 979; x_wconf 92' lang='lat' dir='ltr'><strong>in</strong></span> <span class='ocrx_word' id='word_1_35' title='bbox 1750 906 1836 979; x_wconf 83' lang='lat' dir='ltr'><strong>bet</strong></span> <span class='ocrx_word' id='word_1_36' title='bbox 1852 928 1905 979; x_wconf 83' lang='lat' dir='ltr'><strong>ex</strong></span> 
     </span>
     <span class='ocr_line' id='line_1_5' title="bbox 402 1023 1905 1126; baseline -0.013 -23"><span class='ocrx_word' id='word_1_37' title='bbox 402 1032 427 1103; x_wconf 82' lang='lat' dir='ltr'><em>h</em></span> <span class='ocrx_word' id='word_1_38' title='bbox 447 1033 488 1102; x_wconf 92' lang='lat' dir='ltr'><strong>in</strong></span> <span class='ocrx_word' id='word_1_39' title='bbox 504 1057 550 1115; x_wconf 83' lang='lat' dir='ltr'><strong>a,</strong></span> <span class='ocrx_word' id='word_1_40' title='bbox 562 1028 626 1126; x_wconf 75' lang='lat' dir='ltr'><strong>fig</strong></span> <span class='ocrx_word' id='word_1_41' title='bbox 645 1031 689 1117; x_wconf 85' lang='lat'><strong>8,</strong></span> <span class='ocrx_word' id='word_1_42' title='bbox 711 1029 902 1101; x_wconf 71' lang='lat' dir='ltr'>cavitatem</span> <span class='ocrx_word' id='word_1_43' title='bbox 918 1028 1001 1096; x_wconf 89' lang='lat' dir='ltr'><strong>ani:</strong></span> <span class='ocrx_word' id='word_1_44' title='bbox 1023 1024 1103 1096; x_wconf 85' lang='lat' dir='ltr'><strong>haec</strong></span> <span class='ocrx_word' id='word_1_45' title='bbox 1121 1025 1237 1122; x_wconf 83' lang='lat' dir='ltr'><strong>ligura</strong></span> <span class='ocrx_word' id='word_1_46' title='bbox 1252 1023 1401 1097; x_wconf 78' lang='lat' dir='ltr'><strong>exhibet</strong></span> <span class='ocrx_word' id='word_1_47' title='bbox 1418 1039 1559 1124; x_wconf 74' lang='lat' dir='ltr'><strong>partem</strong></span> <span class='ocrx_word' id='word_1_48' title='bbox 1574 1025 1763 1099; x_wconf 50' lang='lat' dir='ltr'><strong>dualem,</strong></span> <span class='ocrx_word' id='word_1_49' title='bbox 1783 1026 1905 1099; x_wconf 64' lang='grc' dir='ltr'><strong>Μ.</strong></span> 
     </span>
     <span class='ocr_line' id='line_1_6' title="bbox 402 1144 1903 1250; baseline -0.003 -27"><span class='ocrx_word' id='word_1_50' title='bbox 402 1176 476 1250; x_wconf 88' lang='lat' dir='ltr'><strong>que</strong></span> <span class='ocrx_word' id='word_1_51' title='bbox 507 1152 546 1221; x_wconf 89' lang='lat' dir='ltr'><strong>in</strong></span> <span class='ocrx_word' id='word_1_52' title='bbox 568 1151 597 1220; x_wconf 89' lang='lat' dir='ltr'><strong>d</strong></span> <span class='ocrx_word' id='word_1_53' title='bbox 607 1149 686 1246; x_wconf 81' lang='lat' dir='ltr'><strong>fig.</strong></span> <span class='ocrx_word' id='word_1_54' title='bbox 708 1150 737 1222; x_wconf 87' lang='lat'><strong>9</strong></span> <span class='ocrx_word' id='word_1_55' title='bbox 764 1149 927 1220; x_wconf 90' lang='lat' dir='ltr'><strong>cernitur</strong></span> <span class='ocrx_word' id='word_1_56' title='bbox 949 1146 1111 1217; x_wconf 85' lang='lat' dir='ltr'><strong>extensio</strong></span> <span class='ocrx_word' id='word_1_57' title='bbox 1139 1146 1250 1242; x_wconf 85' lang='lat' dir='ltr'><strong>partis</strong></span> <span class='ocrx_word' id='word_1_58' title='bbox 1274 1144 1447 1219; x_wconf 61' lang='lat' dir='ltr'><strong>centralis</strong></span> <span class='ocrx_word' id='word_1_59' title='bbox 1472 1145 1596 1219; x_wconf 88' lang='lat' dir='ltr'><strong>ultimi</strong></span> <span class='ocrx_word' id='word_1_60' title='bbox 1622 1145 1774 1237; x_wconf 80' lang='lat' dir='ltr'><strong>annuli3</strong></span> <span class='ocrx_word' id='word_1_61' title='bbox 1817 1170 1903 1246; x_wconf 82' lang='lat' dir='ltr'><strong>qnte</strong></span> 
     </span>
     <span class='ocr_line' id='line_1_7' title="bbox 401 1264 1905 1368; baseline -0.003 -24"><span class='ocrx_word' id='word_1_62' title='bbox 401 1274 563 1344; x_wconf 76' lang='lat' dir='ltr'><strong>extensio</strong></span> <span class='ocrx_word' id='word_1_63' title='bbox 583 1269 846 1368; x_wconf 81' lang='lat' dir='ltr'><strong>progrediendo</strong></span> <span class='ocrx_word' id='word_1_64' title='bbox 864 1292 911 1339; x_wconf 79' lang='lat' dir='ltr'><strong>ex</strong></span> <span class='ocrx_word' id='word_1_65' title='bbox 927 1267 952 1337; x_wconf 86' lang='lat' dir='ltr'><em>b</em></span> <span class='ocrx_word' id='word_1_66' title='bbox 966 1264 1014 1337; x_wconf 86' lang='lat' dir='ltr'><strong>ad</strong></span> <span class='ocrx_word' id='word_1_67' title='bbox 1035 1265 1079 1349; x_wconf 85' lang='lat' dir='ltr'><strong>d,</strong></span> <span class='ocrx_word' id='word_1_68' title='bbox 1105 1264 1216 1337; x_wconf 85' lang='lat' dir='ltr'><strong>eflicit</strong></span> <span class='ocrx_word' id='word_1_69' title='bbox 1236 1277 1280 1337; x_wconf 89' lang='lat' dir='ltr'><strong>ut</strong></span> <span class='ocrx_word' id='word_1_70' title='bbox 1300 1291 1392 1339; x_wconf 87' lang='lat' dir='ltr'><strong>anus</strong></span> <span class='ocrx_word' id='word_1_71' title='bbox 1412 1264 1583 1366; x_wconf 87' lang='lat' dir='ltr'><strong>obliquus</strong></span> <span class='ocrx_word' id='word_1_72' title='bbox 1601 1291 1696 1364; x_wconf 84' lang='lat' dir='ltr'><strong>saepe</strong></span> <span class='ocrx_word' id='word_1_73' title='bbox 1719 1264 1905 1341; x_wconf 77' lang='lat' dir='ltr'><strong>rideatur.</strong></span> 
     </span>
     <span class='ocr_line' id='line_1_8' title="bbox 450 1382 1904 1489; baseline -0.006 -23"><span class='ocrx_word' id='word_1_74' title='bbox 450 1396 554 1466; x_wconf 74' lang='lat' dir='ltr'><strong>Antis</strong></span> <span class='ocrx_word' id='word_1_75' title='bbox 563 1394 732 1489; x_wconf 85' lang='lat' dir='ltr'><strong>congruit</strong></span> <span class='ocrx_word' id='word_1_76' title='bbox 748 1394 893 1462; x_wconf 89' lang='lat' dir='ltr'><strong>interne</strong></span> <span class='ocrx_word' id='word_1_77' title='bbox 907 1413 993 1460; x_wconf 90' lang='lat' dir='ltr'><strong>cum</strong></span> <span class='ocrx_word' id='word_1_78' title='bbox 1009 1387 1239 1459; x_wconf 77' lang='lat' dir='ltr'><strong>extremitate</strong></span> <span class='ocrx_word' id='word_1_79' title='bbox 1253 1388 1449 1485; x_wconf 89' lang='lat' dir='ltr'><strong>posteriore</strong></span> <span class='ocrx_word' id='word_1_80' title='bbox 1466 1389 1591 1486; x_wconf 82' lang='lat' dir='ltr'><strong>magni</strong></span> <span class='ocrx_word' id='word_1_81' title='bbox 1605 1387 1785 1479; x_wconf 77' lang='lat' dir='ltr'><strong>intestini,</strong></span> <span class='ocrx_word' id='word_1_82' title='bbox 1801 1382 1904 1486; x_wconf 89' lang='lat' dir='ltr'><strong>qnod</strong></span> 
     </span>
     <span class='ocr_line' id='line_1_9' title="bbox 402 1507 1903 1610; baseline -0.003 -24"><span class='ocrx_word' id='word_1_83' title='bbox 402 1527 524 1586; x_wconf 84' lang='lat' dir='ltr'><strong>tamen</strong></span> <span class='ocrx_word' id='word_1_84' title='bbox 540 1514 577 1584; x_wconf 93' lang='lat' dir='ltr'><strong>in</strong></span> <span class='ocrx_word' id='word_1_85' title='bbox 594 1512 777 1610; x_wconf 83' lang='lat' dir='ltr'><strong>plerisque</strong></span> <span class='ocrx_word' id='word_1_86' title='bbox 797 1509 995 1583; x_wconf 74' lang='lat' dir='ltr'><strong>individuis</strong></span> <span class='ocrx_word' id='word_1_87' title='bbox 1011 1507 1223 1581; x_wconf 79' lang='lat' dir='ltr'><strong>nullomodo</strong></span> <span class='ocrx_word' id='word_1_88' title='bbox 1236 1534 1355 1608; x_wconf 89' lang='lat' dir='ltr'><strong>nsque</strong></span> <span class='ocrx_word' id='word_1_89' title='bbox 1375 1508 1424 1582; x_wconf 85' lang='lat' dir='ltr'><strong>ad</strong></span> <span class='ocrx_word' id='word_1_90' title='bbox 1446 1511 1636 1585; x_wconf 74' lang='lat' dir='ltr'><strong>cavitatem</strong></span> <span class='ocrx_word' id='word_1_91' title='bbox 1652 1509 1903 1583; x_wconf 86' lang='lat' dir='ltr'><strong>continuatur.</strong></span> 
     </span>
     <span class='ocr_line' id='line_1_10' title="bbox 401 1628 1903 1729; baseline -0.005 -18"><span class='ocrx_word' id='word_1_92' title='bbox 401 1638 581 1711; x_wconf 79' lang='lat' dir='ltr'><strong>Postremi</strong></span> <span class='ocrx_word' id='word_1_93' title='bbox 595 1635 723 1707; x_wconf 89' lang='lat' dir='ltr'><strong>annuli</strong></span> <span class='ocrx_word' id='word_1_94' title='bbox 735 1636 845 1707; x_wconf 88' lang='lat' dir='ltr'><strong>etiam</strong></span> <span class='ocrx_word' id='word_1_95' title='bbox 857 1631 1127 1705; x_wconf 87' lang='lat' dir='ltr'><strong>communicant</strong></span> <span class='ocrx_word' id='word_1_96' title='bbox 1147 1656 1232 1704; x_wconf 90' lang='lat' dir='ltr'><strong>cum</strong></span> <span class='ocrx_word' id='word_1_97' title='bbox 1254 1628 1483 1729; x_wconf 88' lang='lat' dir='ltr'><strong>receptaculo</strong></span> <span class='ocrx_word' id='word_1_98' title='bbox 1499 1654 1651 1704; x_wconf 66' lang='lat' dir='ltr'><strong>osorum</strong></span> <span class='ocrx_word' id='word_1_99' title='bbox 1667 1642 1707 1701; x_wconf 91' lang='lat' dir='ltr'><strong>et</strong></span> <span class='ocrx_word' id='word_1_100' title='bbox 1721 1629 1903 1723; x_wconf 80' lang='lat' dir='ltr'><strong>foetuum3</strong></span> 
     </span>
     <span class='ocr_line' id='line_1_11' title="bbox 401 1750 1904 1858; baseline -0.003 -28"><span class='ocrx_word' id='word_1_101' title='bbox 401 1758 501 1858; x_wconf 84' lang='lat' dir='ltr'><strong>qnod</strong></span> <span class='ocrx_word' id='word_1_102' title='bbox 524 1756 796 1855; x_wconf 82' lang='lat' dir='ltr'><strong>receptaculum</strong></span> <span class='ocrx_word' id='word_1_103' title='bbox 817 1757 858 1827; x_wconf 93' lang='lat' dir='ltr'><strong>in</strong></span> <span class='ocrx_word' id='word_1_104' title='bbox 878 1754 1054 1853; x_wconf 85' lang='lat' dir='ltr'><strong>plurimos</strong></span> <span class='ocrx_word' id='word_1_105' title='bbox 1074 1752 1218 1825; x_wconf 77' lang='lat' dir='ltr'><strong>ordiner</strong></span> <span class='ocrx_word' id='word_1_106' title='bbox 1238 1751 1396 1825; x_wconf 76' lang='lat' dir='ltr'><strong>divisum</strong></span> <span class='ocrx_word' id='word_1_107' title='bbox 1413 1765 1452 1825; x_wconf 90' lang='lat' dir='ltr'><strong>et</strong></span> <span class='ocrx_word' id='word_1_108' title='bbox 1471 1753 1711 1851; x_wconf 85' lang='lat' dir='ltr'><strong>compositum</strong></span> <span class='ocrx_word' id='word_1_109' title='bbox 1731 1776 1779 1825; x_wconf 85' lang='lat' dir='ltr'><strong>ex</strong></span> <span class='ocrx_word' id='word_1_110' title='bbox 1795 1750 1904 1851; x_wconf 79' lang='lat' dir='ltr'><strong>plicis</strong></span> 
     </span>
     <span class='ocr_line' id='line_1_12' title="bbox 401 1869 1904 1973; baseline -0.003 -22"><span class='ocrx_word' id='word_1_111' title='bbox 401 1876 624 1951; x_wconf 70' lang='lat' dir='ltr'><strong>membranae</strong></span> <span class='ocrx_word' id='word_1_112' title='bbox 659 1872 965 1963; x_wconf 84' lang='lat' dir='ltr'><strong>submnscnlaris,</strong></span> <span class='ocrx_word' id='word_1_113' title='bbox 997 1869 1103 1968; x_wconf 78' lang='lat' dir='ltr'><strong>(rid.</strong></span> <span class='ocrx_word' id='word_1_114' title='bbox 1124 1871 1202 1969; x_wconf 84' lang='lat' dir='ltr'><strong>fig.</strong></span> <span class='ocrx_word' id='word_1_115' title='bbox 1232 1872 1259 1964; x_wconf 73' lang='grc'><em>4</em></span> <span class='ocrx_word' id='word_1_116' title='bbox 1283 1887 1324 1944; x_wconf 82' lang='lat' dir='ltr'><strong>et</strong></span> <span class='ocrx_word' id='word_1_117' title='bbox 1346 1873 1384 1946; x_wconf 89' lang='grc'><strong>6.</strong></span> <span class='ocrx_word' id='word_1_118' title='bbox 1409 1873 1487 1944; x_wconf 84' lang='lat' dir='ltr'><strong>tob.</strong></span> <span class='ocrx_word' id='word_1_119' title='bbox 1512 1873 1606 1970; x_wconf 90' lang='lat' dir='ltr'><strong>II.)</strong></span> <span class='ocrx_word' id='word_1_120' title='bbox 1643 1873 1807 1972; x_wconf 85' lang='lat' dir='ltr'><strong>aperitur</strong></span> <span class='ocrx_word' id='word_1_121' title='bbox 1834 1896 1904 1973; x_wconf 82' lang='lat' dir='ltr'><strong>per</strong></span> 
     </span>
     <span class='ocr_line' id='line_1_13' title="bbox 399 1993 1902 2096; baseline 0.001 -28"><span class='ocrx_word' id='word_1_122' title='bbox 399 1996 507 2096; x_wconf 88' lang='lat' dir='ltr'><strong>plura</strong></span> <span class='ocrx_word' id='word_1_123' title='bbox 528 1997 704 2068; x_wconf 77' lang='lat' dir='ltr'><strong>foramina</strong></span> <span class='ocrx_word' id='word_1_124' title='bbox 722 1996 762 2065; x_wconf 92' lang='lat' dir='ltr'><strong>in</strong></span> <span class='ocrx_word' id='word_1_125' title='bbox 777 1994 853 2092; x_wconf 72' lang='lat' dir='ltr'><strong>ipsi</strong></span> <span class='ocrx_word' id='word_1_126' title='bbox 869 1994 931 2065; x_wconf 82' lang='lat' dir='ltr'><strong>ani</strong></span> <span class='ocrx_word' id='word_1_127' title='bbox 947 1993 1115 2066; x_wconf 79' lang='lat' dir='ltr'><strong>caritate.</strong></span> <span class='ocrx_word' id='word_1_128' title='bbox 1139 1993 1268 2082; x_wconf 89' lang='lat' dir='ltr'><strong>Quum</strong></span> <span class='ocrx_word' id='word_1_129' title='bbox 1283 1994 1329 2068; x_wconf 91' lang='lat' dir='ltr'><strong>de</strong></span> <span class='ocrx_word' id='word_1_130' title='bbox 1348 1993 1419 2067; x_wconf 71' lang='lat' dir='ltr'><strong>htc</strong></span> <span class='ocrx_word' id='word_1_131' title='bbox 1434 1993 1642 2067; x_wconf 76' lang='lat' dir='ltr'><strong>membrani</strong></span> <span class='ocrx_word' id='word_1_132' title='bbox 1657 1996 1728 2068; x_wconf 89' lang='lat' dir='ltr'><strong>erit</strong></span> <span class='ocrx_word' id='word_1_133' title='bbox 1744 1995 1902 2089; x_wconf 86' lang='lat' dir='ltr'><strong>mentio,</strong></span> 
     </span>
     <span class='ocr_line' id='line_1_14' title="bbox 402 2112 1286 2216; baseline -0.005 -28"><span class='ocrx_word' id='word_1_134' title='bbox 402 2118 589 2216; x_wconf 74' lang='lat' dir='ltr'><strong>speciatim</strong></span> <span class='ocrx_word' id='word_1_135' title='bbox 610 2116 706 2187; x_wconf 87' lang='lat' dir='ltr'><strong>hanc</strong></span> <span class='ocrx_word' id='word_1_136' title='bbox 727 2114 1049 2186; x_wconf 79' lang='lat' dir='ltr'><strong>conformationem</strong></span> <span class='ocrx_word' id='word_1_137' title='bbox 1072 2112 1286 2187; x_wconf 73' lang='lat' dir='ltr'><strong>ridebimus.</strong></span> 
     </span>
     <span class='ocr_line' id='line_1_15' title="bbox 272 2233 1906 2337; baseline 0.002 -29"><span class='ocrx_word' id='word_1_138' title='bbox 272 2276 352 2332; x_wconf 60' lang='lat' dir='ltr'><strong>cm</strong></span> <span class='ocrx_word' id='word_1_139' title='bbox 455 2238 558 2309; x_wconf 78' lang='lat' dir='ltr'><strong>Anna</strong></span> <span class='ocrx_word' id='word_1_140' title='bbox 579 2261 653 2307; x_wconf 94' lang='lat' dir='ltr'><strong>non</strong></span> <span class='ocrx_word' id='word_1_141' title='bbox 674 2234 790 2308; x_wconf 87' lang='lat' dir='ltr'><strong>solum</strong></span> <span class='ocrx_word' id='word_1_142' title='bbox 809 2235 961 2309; x_wconf 70' lang='lat' dir='ltr'><strong>inservit</strong></span> <span class='ocrx_word' id='word_1_143' title='bbox 978 2233 1184 2333; x_wconf 81' lang='lat' dir='ltr'><strong>expulsioni</strong></span> <span class='ocrx_word' id='word_1_144' title='bbox 1203 2249 1534 2327; x_wconf 83' lang='lat' dir='ltr'><strong>excrementorum,</strong></span> <span class='ocrx_word' id='word_1_145' title='bbox 1555 2235 1748 2311; x_wconf 84' lang='lat' dir='ltr'><strong>sedetiam</strong></span> <span class='ocrx_word' id='word_1_146' title='bbox 1768 2234 1906 2337; x_wconf 85' lang='lat' dir='ltr'><strong>expul-</strong></span> 
     </span>
     <span class='ocr_line' id='line_1_16' title="bbox 403 2352 1905 2457; baseline 0.003 -27"><span class='ocrx_word' id='word_1_147' title='bbox 403 2359 496 2430; x_wconf 91' lang='lat' dir='ltr'><strong>sioni</strong></span> <span class='ocrx_word' id='word_1_148' title='bbox 522 2381 674 2430; x_wconf 83' lang='lat' dir='ltr'><strong>crorum</strong></span> <span class='ocrx_word' id='word_1_149' title='bbox 698 2369 736 2428; x_wconf 91' lang='lat' dir='ltr'><strong>ct</strong></span> <span class='ocrx_word' id='word_1_150' title='bbox 760 2352 946 2453; x_wconf 83' lang='lat' dir='ltr'><strong>juniorum</strong></span> <span class='ocrx_word' id='word_1_151' title='bbox 973 2354 1264 2430; x_wconf 74' lang='lat' dir='ltr'><strong>lumbricorum.</strong></span> <span class='ocrx_word' id='word_1_152' title='bbox 1295 2356 1373 2431; x_wconf 90' lang='lat' dir='ltr'><strong>Hoc</strong></span> <span class='ocrx_word' id='word_1_153' title='bbox 1397 2356 1663 2457; x_wconf 76' lang='lat' dir='ltr'><strong>phaemmenon</strong></span> <span class='ocrx_word' id='word_1_154' title='bbox 1690 2356 1905 2435; x_wconf 74' lang='lat' dir='ltr'><strong>tractabimr</strong></span> 
     </span>
     <span class='ocr_line' id='line_1_17' title="bbox 405 2473 1252 2577; baseline -0.002 -26"><span class='ocrx_word' id='word_1_155' title='bbox 405 2503 522 2577; x_wconf 84' lang='lat' dir='ltr'><strong>quum</strong></span> <span class='ocrx_word' id='word_1_156' title='bbox 545 2476 592 2549; x_wconf 89' lang='lat' dir='ltr'><strong>dc</strong></span> <span class='ocrx_word' id='word_1_157' title='bbox 613 2490 722 2576; x_wconf 84' lang='lat' dir='ltr'><strong>partu</strong></span> <span class='ocrx_word' id='word_1_158' title='bbox 742 2473 1021 2549; x_wconf 88' lang='lat' dir='ltr'><strong>Lumbricorum</strong></span> <span class='ocrx_word' id='word_1_159' title='bbox 1045 2477 1252 2577; x_wconf 88' lang='lat' dir='ltr'><strong>loquemur.</strong></span> 
     </span>
    </p>
   </div>
   <div class='ocr_carea' id='block_1_3' title="bbox 207 1436 380 1494">
    <p class='ocr_par' dir='ltr' id='par_1_3' title="bbox 207 1436 380 1494">
     <span class='ocr_line' id='line_1_18' title="bbox 207 1436 380 1494; baseline -0.023 0"><span class='ocrx_word' id='word_1_160' title='bbox 207 1436 380 1494; x_wconf 68' lang='lat' dir='ltr'><strong>nentem</strong></span> 
     </span>
    </p>
   </div>
   <div class='ocr_carea' id='block_1_4' title="bbox 852 2714 1465 2809">
    <p class='ocr_par' dir='ltr' id='par_1_4' title="bbox 852 2714 1465 2809">
     <span class='ocr_line' id='line_1_19' title="bbox 852 2714 1465 2809; baseline 0.007 -25"><span class='ocrx_word' id='word_1_161' title='bbox 852 2738 890 2784; x_wconf 84' lang='lat' dir='ltr'><strong>a.</strong></span> <span class='ocrx_word' id='word_1_162' title='bbox 924 2714 1116 2809; x_wconf 73' lang='lat' dir='ltr'><strong>Expufsio</strong></span> <span class='ocrx_word' id='word_1_163' title='bbox 1139 2729 1465 2788; x_wconf 79' lang='lat' dir='ltr'><strong>excrementorum.</strong></span> 
     </span>
    </p>
   </div>
   <div class='ocr_carea' id='block_1_5' title="bbox 178 2919 1906 4468">
    <p class='ocr_par' dir='ltr' id='par_1_5' title="bbox 178 2919 1906 4468">
     <span class='ocr_line' id='line_1_20' title="bbox 187 2919 1905 3025; baseline 0.006 -33"><span class='ocrx_word' id='word_1_164' title='bbox 187 2925 390 3005; x_wconf 56' lang='lat' dir='ltr'><strong>uectium·</strong></span> <span class='ocrx_word' id='word_1_165' title='bbox 453 2920 555 2994; x_wconf 78' lang='lat' dir='ltr'><strong>Ifihil</strong></span> <span class='ocrx_word' id='word_1_166' title='bbox 569 2919 759 2995; x_wconf 89' lang='lat' dir='ltr'><strong>intellectu</strong></span> <span class='ocrx_word' id='word_1_167' title='bbox 772 2920 917 2994; x_wconf 87' lang='lat' dir='ltr'><strong>facilins</strong></span> <span class='ocrx_word' id='word_1_168' title='bbox 933 2936 987 2996; x_wconf 87' lang='lat' dir='ltr'><strong>est</strong></span> <span class='ocrx_word' id='word_1_169' title='bbox 1003 2948 1113 3021; x_wconf 84' lang='lat' dir='ltr'><strong>quam</strong></span> <span class='ocrx_word' id='word_1_170' title='bbox 1129 2921 1322 3022; x_wconf 82' lang='lat' dir='ltr'><strong>explicatio</strong></span> <span class='ocrx_word' id='word_1_171' title='bbox 1336 2924 1556 3025; x_wconf 86' lang='lat' dir='ltr'><strong>expulsionis</strong></span> <span class='ocrx_word' id='word_1_172' title='bbox 1573 2938 1905 3002; x_wconf 85' lang='lat' dir='ltr'><strong>excrementorum.</strong></span> 
     </span>
     <span class='ocr_line' id='line_1_21' title="bbox 178 2995 1904 3148; baseline 0.005 -34"><span class='ocrx_word' id='word_1_173' title='bbox 178 2995 554 3118; x_wconf 53' lang='lat' dir='ltr'><strong>{iiiiiio&#39;f&#39;iif&#39;lteonu</strong></span> <span class='ocrx_word' id='word_1_174' title='bbox 570 3045 609 3115; x_wconf 92' lang='lat' dir='ltr'><strong>in</strong></span> <span class='ocrx_word' id='word_1_175' title='bbox 627 3045 774 3137; x_wconf 78' lang='lat' dir='ltr'><strong>regione</strong></span> <span class='ocrx_word' id='word_1_176' title='bbox 792 3047 987 3144; x_wconf 85' lang='lat' dir='ltr'><strong>posteriore</strong></span> <span class='ocrx_word' id='word_1_177' title='bbox 1006 3046 1127 3145; x_wconf 87' lang='lat' dir='ltr'><strong>magni</strong></span> <span class='ocrx_word' id='word_1_178' title='bbox 1144 3045 1323 3135; x_wconf 90' lang='lat' dir='ltr'><strong>intestini,</strong></span> <span class='ocrx_word' id='word_1_179' title='bbox 1345 3059 1457 3138; x_wconf 84' lang='lat' dir='ltr'><strong>terra,</strong></span> <span class='ocrx_word' id='word_1_180' title='bbox 1482 3047 1587 3148; x_wconf 88' lang='lat' dir='ltr'><strong>cujus</strong></span> <span class='ocrx_word' id='word_1_181' title='bbox 1607 3046 1722 3119; x_wconf 84' lang='lat' dir='ltr'><strong>omnis</strong></span> <span class='ocrx_word' id='word_1_182' title='bbox 1735 3048 1904 3122; x_wconf 80' lang='lat' dir='ltr'><strong>materies</strong></span> 
     </span>
     <span class='ocr_line' id='line_1_22' title="bbox 399 3163 1906 3267; baseline 0.004 -31"><span class='ocrx_word' id='word_1_183' title='bbox 399 3166 574 3238; x_wconf 76' lang='lat' dir='ltr'><strong>nutritiva</strong></span> <span class='ocrx_word' id='word_1_184' title='bbox 591 3177 644 3236; x_wconf 89' lang='lat' dir='ltr'><strong>est</strong></span> <span class='ocrx_word' id='word_1_185' title='bbox 660 3163 858 3255; x_wconf 87' lang='lat' dir='ltr'><strong>elaborata,</strong></span> <span class='ocrx_word' id='word_1_186' title='bbox 872 3166 1123 3264; x_wconf 90' lang='lat' dir='ltr'><strong>comprimitur</strong></span> <span class='ocrx_word' id='word_1_187' title='bbox 1134 3165 1209 3237; x_wconf 79' lang='lat' dir='ltr'><strong>sive</strong></span> <span class='ocrx_word' id='word_1_188' title='bbox 1220 3163 1418 3262; x_wconf 83' lang='lat' dir='ltr'><strong>parietibus</strong></span> <span class='ocrx_word' id='word_1_189' title='bbox 1433 3165 1545 3267; x_wconf 85' lang='lat' dir='ltr'><strong>hujus</strong></span> <span class='ocrx_word' id='word_1_190' title='bbox 1558 3167 1738 3258; x_wconf 87' lang='lat' dir='ltr'><strong>intestini,</strong></span> <span class='ocrx_word' id='word_1_191' title='bbox 1756 3166 1906 3266; x_wconf 86' lang='lat' dir='ltr'><strong>quando</strong></span> 
     </span>
     <span class='ocr_line' id='line_1_23' title="bbox 401 3282 1905 3383; baseline 0.004 -26"><span class='ocrx_word' id='word_1_192' title='bbox 401 3309 519 3382; x_wconf 87' lang='lat' dir='ltr'><strong>usquc</strong></span> <span class='ocrx_word' id='word_1_193' title='bbox 534 3282 580 3357; x_wconf 86' lang='lat' dir='ltr'><strong>ad</strong></span> <span class='ocrx_word' id='word_1_194' title='bbox 596 3311 709 3357; x_wconf 83' lang='lat' dir='ltr'><strong>anum</strong></span> <span class='ocrx_word' id='word_1_195' title='bbox 721 3286 947 3376; x_wconf 85' lang='lat' dir='ltr'><strong>extenditur,</strong></span> <span class='ocrx_word' id='word_1_196' title='bbox 965 3287 1041 3359; x_wconf 84' lang='lat' dir='ltr'><strong>sive</strong></span> <span class='ocrx_word' id='word_1_197' title='bbox 1059 3282 1256 3383; x_wconf 85' lang='lat' dir='ltr'><strong>parietibus</strong></span> <span class='ocrx_word' id='word_1_198' title='bbox 1275 3287 1433 3357; x_wconf 85' lang='lat' dir='ltr'><strong>externis</strong></span> <span class='ocrx_word' id='word_1_199' title='bbox 1449 3284 1666 3359; x_wconf 85' lang='lat' dir='ltr'><strong>membranae</strong></span> <span class='ocrx_word' id='word_1_200' title='bbox 1683 3285 1905 3363; x_wconf 81' lang='lat' dir='ltr'><strong>submuscn-</strong></span> 
     </span>
     <span class='ocr_line' id='line_1_24' title="bbox 402 3402 1905 3506; baseline 0.005 -30"><span class='ocrx_word' id='word_1_201' title='bbox 402 3402 498 3476; x_wconf 87' lang='lat' dir='ltr'><strong>laris.</strong></span> <span class='ocrx_word' id='word_1_202' title='bbox 511 3404 548 3477; x_wconf 90' lang='lat' dir='ltr'><strong>Si</strong></span> <span class='ocrx_word' id='word_1_203' title='bbox 558 3405 775 3478; x_wconf 90' lang='lat' dir='ltr'><strong>nuncnimia</strong></span> <span class='ocrx_word' id='word_1_204' title='bbox 787 3402 1125 3503; x_wconf 78' lang='lat' dir='ltr'><strong>abmidantiahujus</strong></span> <span class='ocrx_word' id='word_1_205' title='bbox 1135 3416 1253 3494; x_wconf 82' lang='lat' dir='ltr'><strong>terrae,</strong></span> <span class='ocrx_word' id='word_1_206' title='bbox 1263 3405 1338 3476; x_wconf 79' lang='lat' dir='ltr'><strong>sire</strong></span> <span class='ocrx_word' id='word_1_207' title='bbox 1349 3404 1416 3476; x_wconf 83' lang='lat' dir='ltr'><strong>alia</strong></span> <span class='ocrx_word' id='word_1_208' title='bbox 1427 3410 1787 3506; x_wconf 85' lang='lat' dir='ltr'><strong>causa,compressio,</strong></span> <span class='ocrx_word' id='word_1_209' title='bbox 1800 3407 1905 3484; x_wconf 75' lang='lat' dir='ltr'><strong>verbi</strong></span> 
     </span>
     <span class='ocr_line' id='line_1_25' title="bbox 403 3522 1905 3626; baseline 0.005 -31"><span class='ocrx_word' id='word_1_210' title='bbox 403 3523 535 3621; x_wconf 64' lang='lat' dir='ltr'><strong>gratiis,</strong></span> <span class='ocrx_word' id='word_1_211' title='bbox 554 3522 770 3597; x_wconf 83' lang='lat' dir='ltr'><strong>determinat</strong></span> <span class='ocrx_word' id='word_1_212' title='bbox 784 3522 977 3598; x_wconf 86' lang='lat' dir='ltr'><strong>voluminis</strong></span> <span class='ocrx_word' id='word_1_213' title='bbox 992 3523 1270 3598; x_wconf 87' lang='lat' dir='ltr'><strong>diminutionem</strong></span> <span class='ocrx_word' id='word_1_214' title='bbox 1286 3525 1326 3595; x_wconf 90' lang='lat' dir='ltr'><strong>in</strong></span> <span class='ocrx_word' id='word_1_215' title='bbox 1341 3523 1398 3595; x_wconf 87' lang='lat' dir='ltr'><strong>his</strong></span> <span class='ocrx_word' id='word_1_216' title='bbox 1408 3524 1590 3623; x_wconf 88' lang='lat' dir='ltr'><strong>partibus,</strong></span> <span class='ocrx_word' id='word_1_217' title='bbox 1611 3552 1692 3626; x_wconf 78' lang='lat' dir='ltr'><strong>que</strong></span> <span class='ocrx_word' id='word_1_218' title='bbox 1710 3526 1905 3603; x_wconf 88' lang='lat' dir='ltr'><strong>diminutio</strong></span> 
     </span>
     <span class='ocr_line' id='line_1_26' title="bbox 400 3641 1906 3751; baseline 0.007 -36"><span class='ocrx_word' id='word_1_219' title='bbox 400 3666 544 3741; x_wconf 85' lang='lat' dir='ltr'><strong>semper</strong></span> <span class='ocrx_word' id='word_1_220' title='bbox 568 3641 723 3715; x_wconf 90' lang='lat' dir='ltr'><strong>efficitur</strong></span> <span class='ocrx_word' id='word_1_221' title='bbox 742 3643 782 3714; x_wconf 88' lang='lat' dir='ltr'><strong>in</strong></span> <span class='ocrx_word' id='word_1_222' title='bbox 804 3641 945 3716; x_wconf 90' lang='lat' dir='ltr'><strong>casibus</strong></span> <span class='ocrx_word' id='word_1_223' title='bbox 959 3642 1186 3751; x_wconf 81' lang='lat' dir='ltr'><strong>naturalibus</strong></span> <span class='ocrx_word' id='word_1_224' title='bbox 1205 3657 1243 3717; x_wconf 88' lang='lat' dir='ltr'><strong>et</strong></span> <span class='ocrx_word' id='word_1_225' title='bbox 1262 3642 1473 3744; x_wconf 74' lang='lat' dir='ltr'><strong>vulgaribus</strong></span> <span class='ocrx_word' id='word_1_226' title='bbox 1493 3650 1737 3722; x_wconf 83' lang='lat' dir='ltr'><strong>contractione</strong></span> <span class='ocrx_word' id='word_1_227' title='bbox 1752 3675 1906 3725; x_wconf 87' lang='lat' dir='ltr'><strong>muscu-</strong></span> 
     </span>
     <span class='ocr_line' id='line_1_27' title="bbox 400 3757 1905 3864; baseline 0.009 -32"><span class='ocrx_word' id='word_1_228' title='bbox 400 3757 469 3833; x_wconf 84' lang='lat' dir='ltr'><strong>lari</strong></span> <span class='ocrx_word' id='word_1_229' title='bbox 490 3759 727 3853; x_wconf 81' lang='lat' dir='ltr'><strong>annulorum,</strong></span> <span class='ocrx_word' id='word_1_230' title='bbox 751 3761 780 3834; x_wconf 91' lang='lat' dir='ltr'><strong>si</strong></span> <span class='ocrx_word' id='word_1_231' title='bbox 807 3761 900 3835; x_wconf 88' lang='lat' dir='ltr'><strong>illud</strong></span> <span class='ocrx_word' id='word_1_232' title='bbox 919 3762 1041 3837; x_wconf 86' lang='lat' dir='ltr'><strong>locum</strong></span> <span class='ocrx_word' id='word_1_233' title='bbox 1068 3761 1199 3854; x_wconf 86' lang='lat' dir='ltr'><strong>habet,</strong></span> <span class='ocrx_word' id='word_1_234' title='bbox 1227 3766 1401 3864; x_wconf 88' lang='lat' dir='ltr'><strong>inquam,</strong></span> <span class='ocrx_word' id='word_1_235' title='bbox 1425 3768 1574 3841; x_wconf 82' lang='lat' dir='ltr'><strong>evidens</strong></span> <span class='ocrx_word' id='word_1_236' title='bbox 1595 3783 1650 3842; x_wconf 91' lang='lat' dir='ltr'><strong>est</strong></span> <span class='ocrx_word' id='word_1_237' title='bbox 1670 3785 1905 3847; x_wconf 84' lang='lat' dir='ltr'><strong>excrementa</strong></span> 
     </span>
     <span class='ocr_line' id='line_1_28' title="bbox 400 3879 1901 3989; baseline 0.011 -36"><span class='ocrx_word' id='word_1_238' title='bbox 400 3879 569 3954; x_wconf 88' lang='lat' dir='ltr'><strong>deorsum</strong></span> <span class='ocrx_word' id='word_1_239' title='bbox 585 3894 623 3953; x_wconf 87' lang='lat' dir='ltr'><strong>et</strong></span> <span class='ocrx_word' id='word_1_240' title='bbox 638 3882 858 3955; x_wconf 85' lang='lat' dir='ltr'><strong>extrinsecus</strong></span> <span class='ocrx_word' id='word_1_241' title='bbox 875 3884 1061 3983; x_wconf 81' lang='lat' dir='ltr'><strong>propulsa,</strong></span> <span class='ocrx_word' id='word_1_242' title='bbox 1078 3887 1115 3962; x_wconf 87' lang='lat' dir='ltr'><strong>vi</strong></span> <span class='ocrx_word' id='word_1_243' title='bbox 1131 3888 1300 3959; x_wconf 74' lang='lat' dir='ltr'><strong>renisum</strong></span> <span class='ocrx_word' id='word_1_244' title='bbox 1319 3890 1542 3987; x_wconf 87' lang='lat' dir='ltr'><strong>sphincteris</strong></span> <span class='ocrx_word' id='word_1_245' title='bbox 1553 3893 1721 3966; x_wconf 81' lang='lat' dir='ltr'><strong>evincere</strong></span> <span class='ocrx_word' id='word_1_246' title='bbox 1738 3892 1901 3989; x_wconf 83' lang='lat' dir='ltr'><strong>valente,</strong></span> 
     </span>
     <span class='ocr_line' id='line_1_29' title="bbox 400 4002 1818 4111; baseline 0.007 -34"><span class='ocrx_word' id='word_1_247' title='bbox 400 4015 583 4077; x_wconf 80' lang='lat' dir='ltr'><strong>remotum</strong></span> <span class='ocrx_word' id='word_1_248' title='bbox 607 4026 683 4075; x_wconf 88' lang='lat' dir='ltr'><strong>esse</strong></span> <span class='ocrx_word' id='word_1_249' title='bbox 705 4002 819 4105; x_wconf 85' lang='lat' dir='ltr'><strong>hujus</strong></span> <span class='ocrx_word' id='word_1_250' title='bbox 845 4003 958 4078; x_wconf 85' lang='lat' dir='ltr'><strong>latera</strong></span> <span class='ocrx_word' id='word_1_251' title='bbox 980 4020 1021 4080; x_wconf 87' lang='lat' dir='ltr'><strong>et</strong></span> <span class='ocrx_word' id='word_1_252' title='bbox 1036 4008 1132 4080; x_wconf 82' lang='lat' dir='ltr'><strong>riam</strong></span> <span class='ocrx_word' id='word_1_253' title='bbox 1151 4009 1195 4081; x_wconf 93' lang='lat' dir='ltr'><strong>in</strong></span> <span class='ocrx_word' id='word_1_254' title='bbox 1211 4009 1381 4107; x_wconf 66' lang='lat' dir='ltr'><strong>aperturis</strong></span> <span class='ocrx_word' id='word_1_255' title='bbox 1400 4012 1461 4083; x_wconf 82' lang='lat' dir='ltr'><strong>ani</strong></span> <span class='ocrx_word' id='word_1_256' title='bbox 1481 4035 1557 4085; x_wconf 87' lang='lat' dir='ltr'><strong>csse</strong></span> <span class='ocrx_word' id='word_1_257' title='bbox 1578 4012 1818 4111; x_wconf 82' lang='lat' dir='ltr'><strong>patefactura.</strong></span> 
     </span>
     <span class='ocr_line' id='line_1_30' title="bbox 450 4123 1905 4235; baseline 0.012 -41"><span class='ocrx_word' id='word_1_258' title='bbox 450 4123 690 4196; x_wconf 80' lang='lat' dir='ltr'><strong>Excrementa</strong></span> <span class='ocrx_word' id='word_1_259' title='bbox 723 4124 774 4196; x_wconf 91' lang='lat' dir='ltr'><strong>sic</strong></span> <span class='ocrx_word' id='word_1_260' title='bbox 802 4150 847 4196; x_wconf 87' lang='lat' dir='ltr'><strong>ex</strong></span> <span class='ocrx_word' id='word_1_261' title='bbox 875 4128 1027 4201; x_wconf 84' lang='lat' dir='ltr'><strong>cavitate</strong></span> <span class='ocrx_word' id='word_1_262' title='bbox 1055 4127 1189 4228; x_wconf 80' lang='lat' dir='ltr'><strong>majore</strong></span> <span class='ocrx_word' id='word_1_263' title='bbox 1221 4132 1262 4203; x_wconf 93' lang='lat' dir='ltr'><strong>in</strong></span> <span class='ocrx_word' id='word_1_264' title='bbox 1292 4134 1469 4209; x_wconf 89' lang='lat' dir='ltr'><strong>minorem</strong></span> <span class='ocrx_word' id='word_1_265' title='bbox 1488 4135 1824 4235; x_wconf 80' lang='lat' dir='ltr'><strong>transgredientia,</strong></span> <span class='ocrx_word' id='word_1_266' title='bbox 1858 4152 1905 4213; x_wconf 89' lang='lat' dir='ltr'><strong>ut</strong></span> 
     </span>
     <span class='ocr_line' id='line_1_31' title="bbox 402 4241 1903 4357; baseline 0.009 -39"><span class='ocrx_word' id='word_1_267' title='bbox 402 4241 618 4345; x_wconf 75' lang='lat' dir='ltr'><strong>ejiciantur,</strong></span> <span class='ocrx_word' id='word_1_268' title='bbox 658 4243 706 4317; x_wconf 87' lang='lat' dir='ltr'><strong>ad</strong></span> <span class='ocrx_word' id='word_1_269' title='bbox 739 4246 892 4319; x_wconf 82' lang='lat' dir='ltr'><strong>formam</strong></span> <span class='ocrx_word' id='word_1_270' title='bbox 928 4251 1090 4324; x_wconf 78' lang='lat' dir='ltr'><strong>caritatis</strong></span> <span class='ocrx_word' id='word_1_271' title='bbox 1123 4252 1334 4335; x_wconf 72' lang='lat' dir='ltr'><strong>ulteriorem</strong></span> <span class='ocrx_word' id='word_1_272' title='bbox 1368 4279 1446 4328; x_wconf 87' lang='lat' dir='ltr'><strong>sese</strong></span> <span class='ocrx_word' id='word_1_273' title='bbox 1482 4270 1721 4354; x_wconf 89' lang='lat' dir='ltr'><strong>componunt.</strong></span> <span class='ocrx_word' id='word_1_274' title='bbox 1761 4256 1903 4357; x_wconf 85' lang='lat' dir='ltr'><strong>Igitur,</strong></span> 
     </span>
     <span class='ocr_line' id='line_1_32' title="bbox 400 4364 1901 4468; baseline 0.013 -31"><span class='ocrx_word' id='word_1_275' title='bbox 400 4389 516 4463; x_wconf 89' lang='lat' dir='ltr'><strong>quum</strong></span> <span class='ocrx_word' id='word_1_276' title='bbox 540 4364 747 4441; x_wconf 81' lang='lat' dir='ltr'><strong>evolutione</strong></span> <span class='ocrx_word' id='word_1_277' title='bbox 772 4368 959 4464; x_wconf 84' lang='lat' dir='ltr'><strong>spincteris</strong></span> <span class='ocrx_word' id='word_1_278' title='bbox 983 4383 1021 4442; x_wconf 90' lang='lat' dir='ltr'><strong>et</strong></span> <span class='ocrx_word' id='word_1_279' title='bbox 1043 4370 1163 4446; x_wconf 87' lang='lat' dir='ltr'><strong>ultimi</strong></span> <span class='ocrx_word' id='word_1_280' title='bbox 1185 4374 1315 4448; x_wconf 85' lang='lat' dir='ltr'><strong>annuli</strong></span> <span class='ocrx_word' id='word_1_281' title='bbox 1338 4377 1498 4468; x_wconf 90' lang='lat' dir='ltr'><strong>externi,</strong></span> <span class='ocrx_word' id='word_1_282' title='bbox 1526 4380 1657 4450; x_wconf 80' lang='lat' dir='ltr'><strong>cavitas</strong></span> <span class='ocrx_word' id='word_1_283' title='bbox 1683 4379 1744 4450; x_wconf 87' lang='lat' dir='ltr'><strong>ani</strong></span> <span class='ocrx_word' id='word_1_284' title='bbox 1765 4376 1901 4455; x_wconf 81' lang='lat' dir='ltr'><strong>habeat</strong></span> 
     </span>
    </p>
   </div>
   <div class='ocr_carea' id='block_1_6' title="bbox 400 4486 1903 4591">
    <p class='ocr_par' dir='ltr' id='par_1_6' title="bbox 400 4486 1903 4591">
     <span class='ocr_line' id='line_1_33' title="bbox 400 4486 1903 4591; baseline 0.012 -34"><span class='ocrx_word' id='word_1_285' title='bbox 400 4486 553 4559; x_wconf 89' lang='lat' dir='ltr'><strong>formam</strong></span> <span class='ocrx_word' id='word_1_286' title='bbox 575 4486 833 4591; x_wconf 79' lang='lat' dir='ltr'><strong>cylindricam,</strong></span> <span class='ocrx_word' id='word_1_287' title='bbox 857 4493 1139 4567; x_wconf 77' lang='lat' dir='ltr'><strong>transremeliter</strong></span> <span class='ocrx_word' id='word_1_288' title='bbox 1164 4509 1318 4569; x_wconf 80' lang='lat' dir='ltr'><strong>secatam</strong></span> <span class='ocrx_word' id='word_1_289' title='bbox 1341 4494 1653 4570; x_wconf 85' lang='lat' dir='ltr'><strong>intersectionihus</strong></span> <span class='ocrx_word' id='word_1_290' title='bbox 1679 4496 1903 4575; x_wconf 88' lang='lat' dir='ltr'><strong>circulorum</strong></span> 
     </span>
    </p>
   </div>
   <div class='ocr_carea' id='block_1_7' title="bbox 401 4602 1904 4724">
    <p class='ocr_par' dir='ltr' id='par_1_7' title="bbox 401 4602 1904 4724">
     <span class='ocr_line' id='line_1_34' title="bbox 401 4602 1904 4724; baseline 0.013 -46"><span class='ocrx_word' id='word_1_291' title='bbox 401 4602 482 4679; x_wconf 80' lang='lat' dir='ltr'><strong>telae</strong></span> <span class='ocrx_word' id='word_1_292' title='bbox 493 4604 675 4681; x_wconf 79' lang='lat' dir='ltr'><strong>cellularis</strong></span> <span class='ocrx_word' id='word_1_293' title='bbox 686 4606 842 4685; x_wconf 69' lang='lat' dir='ltr'><strong>denmte</strong></span> <span class='ocrx_word' id='word_1_294' title='bbox 852 4622 890 4682; x_wconf 90' lang='lat' dir='ltr'><strong>et</strong></span> <span class='ocrx_word' id='word_1_295' title='bbox 897 4610 1210 4691; x_wconf 74' lang='lat' dir='ltr'><strong>ntersectionibus</strong></span> <span class='ocrx_word' id='word_1_296' title='bbox 1220 4617 1458 4712; x_wconf 82' lang='lat' dir='ltr'><strong>annulorum,</strong></span> <span class='ocrx_word' id='word_1_297' title='bbox 1477 4618 1609 4692; x_wconf 89' lang='lat' dir='ltr'><strong>exinde</strong></span> <span class='ocrx_word' id='word_1_298' title='bbox 1623 4621 1788 4720; x_wconf 89' lang='lat' dir='ltr'><strong>sequitur</strong></span> <span class='ocrx_word' id='word_1_299' title='bbox 1800 4620 1904 4724; x_wconf 84' lang='lat' dir='ltr'><strong>quod</strong></span> 
     </span>
    </p>
   </div>
   <div class='ocr_carea' id='block_1_8' title="bbox 0 0 2126 5850">
    <p class='ocr_par' dir='ltr' id='par_1_8' title="bbox 0 0 2126 5850">
     <span class='ocr_line' id='line_1_35' title="bbox 0 0 2126 5850; baseline 0 0"><span class='ocrx_word' id='word_1_300' title='bbox 0 0 2126 5850; x_wconf 95' lang='lat' dir='ltr'><strong> </strong></span> 
     </span>
    </p>
   </div>
  </div>
 </body>
</html>
