<?xml version="1.0" encoding="UTF-8"?>
<!DOCTYPE html PUBLIC "-//W3C//DTD XHTML 1.0 Transitional//EN"
    "http://www.w3.org/TR/xhtml1/DTD/xhtml1-transitional.dtd">
<html xmlns="http://www.w3.org/1999/xhtml" xml:lang="en" lang="en">
 <head>
  <title>
</title>
<meta http-equiv="Content-Type" content="text/html;charset=utf-8" />
  <meta name='ocr-system' content='tesseract 3.04.00' />
  <meta name='ocr-capabilities' content='ocr_page ocr_carea ocr_par ocr_line ocrx_word'/>
</head>
<body>
  <div class='ocr_page' id='page_1' title='image "./delumbriciterre00morrgoog_0261.png"; bbox 0 0 4200 5842; ppageno 0'>
   <div class='ocr_carea' id='block_1_1' title="bbox 821 493 976 599">
    <p class='ocr_par' dir='ltr' id='par_1_1' title="bbox 821 429 976 599">
     <span class='ocr_line' id='line_1_1' title="bbox 821 493 976 599; baseline 0.006 -4"><span class='ocrx_word' id='word_1_1' title='bbox 821 493 976 599; x_wconf 69' lang='lat'><strong>(2³9.)</strong></span> 
     </span>
    </p>
   </div>
   <div class='ocr_carea' id='block_1_2' title="bbox 198 688 1645 1136">
    <p class='ocr_par' dir='ltr' id='par_1_2' title="bbox 198 688 1645 1136">
     <span class='ocr_line' id='line_1_2' title="bbox 795 688 990 780; baseline -0.015 -23"><span class='ocrx_word' id='word_1_2' title='bbox 795 688 930 780; x_wconf 68' lang='lat' dir='ltr'><strong>Figura</strong></span> <span class='ocrx_word' id='word_1_3' title='bbox 958 712 990 779; x_wconf 86' lang='lat'><strong>9.</strong></span> 
     </span>
     <span class='ocr_line' id='line_1_3' title="bbox 198 822 1594 924; baseline -0.009 -27"><span class='ocrx_word' id='word_1_4' title='bbox 198 831 319 897; x_wconf 81' lang='lat' dir='ltr'><strong>Eadem</strong></span> <span class='ocrx_word' id='word_1_5' title='bbox 335 849 456 916; x_wconf 82' lang='lat' dir='ltr'><strong>organa</strong></span> <span class='ocrx_word' id='word_1_6' title='bbox 474 828 531 894; x_wconf 88' lang='lat' dir='ltr'><strong>sed</strong></span> <span class='ocrx_word' id='word_1_7' title='bbox 548 848 568 892; x_wconf 94' lang='lat' dir='ltr'><strong>a</strong></span> <span class='ocrx_word' id='word_1_8' title='bbox 585 829 684 894; x_wconf 85' lang='lat' dir='ltr'><strong>lutere</strong></span> <span class='ocrx_word' id='word_1_9' title='bbox 700 832 765 924; x_wconf 74' lang='lat' dir='ltr'><strong>etp</strong></span> <span class='ocrx_word' id='word_1_10' title='bbox 790 824 959 890; x_wconf 88' lang='lat' dir='ltr'><strong>diametris</strong></span> <span class='ocrx_word' id='word_1_11' title='bbox 976 824 1191 908; x_wconf 81' lang='lat' dir='ltr'><strong>amplificata,</strong></span> <span class='ocrx_word' id='word_1_12' title='bbox 1209 822 1379 891; x_wconf 78' lang='lat' dir='ltr'><strong>delineata</strong></span> <span class='ocrx_word' id='word_1_13' title='bbox 1491 836 1494 840; x_wconf 83' lang='grc'><em>·</em></span> <span class='ocrx_word' id='word_1_14' title='bbox 1551 855 1555 862; x_wconf 79' lang='lat'><em>,</em></span> <span class='ocrx_word' id='word_1_15' title='bbox 1587 836 1594 857; x_wconf 77' lang='grc'>’</span> 
     </span>
     <span class='ocr_line' id='line_1_4' title="bbox 198 933 1645 1023; baseline -0.01 -15"><span class='ocrx_word' id='word_1_16' title='bbox 198 965 253 1007; x_wconf 82' lang='lat' dir='ltr'><strong>a·</strong></span> <span class='ocrx_word' id='word_1_17' title='bbox 264 942 304 1007; x_wconf 78' lang='lat' dir='ltr'><strong>bd</strong></span> <span class='ocrx_word' id='word_1_18' title='bbox 315 964 401 1008; x_wconf 84' lang='lat' dir='ltr'><strong>-acc</strong></span> <span class='ocrx_word' id='word_1_19' title='bbox 423 941 551 1006; x_wconf 86' lang='lat' dir='ltr'><strong>easdem</strong></span> <span class='ocrx_word' id='word_1_20' title='bbox 571 947 678 1022; x_wconf 87' lang='lat' dir='ltr'><strong>partes</strong></span> <span class='ocrx_word' id='word_1_21' title='bbox 690 955 771 1023; x_wconf 90' lang='lat' dir='ltr'><strong>quas</strong></span> <span class='ocrx_word' id='word_1_22' title='bbox 786 936 822 999; x_wconf 93' lang='lat' dir='ltr'><strong>in</strong></span> <span class='ocrx_word' id='word_1_23' title='bbox 838 936 943 1022; x_wconf 87' lang='lat' dir='ltr'><strong>figura</strong></span> <span class='ocrx_word' id='word_1_24' title='bbox 962 933 983 1000; x_wconf 83' lang='lat'>8</span> <span class='ocrx_word' id='word_1_25' title='bbox 1001 936 1119 1001; x_wconf 89' lang='lat' dir='ltr'><strong>iisdem</strong></span> <span class='ocrx_word' id='word_1_26' title='bbox 1134 934 1254 1001; x_wconf 87' lang='lat' dir='ltr'><strong>litteris</strong></span> <span class='ocrx_word' id='word_1_27' title='bbox 1274 954 1437 1018; x_wconf 85' lang='lat' dir='ltr'><strong>expressas</strong></span> <span class='ocrx_word' id='word_1_28' title='bbox 1452 935 1645 1003; x_wconf 74' lang='lat' dir='ltr'><strong>monstruni,</strong></span> 
     </span>
     <span class='ocr_line' id='line_1_5' title="bbox 198 1050 355 1136; baseline -0.006 -19"><span class='ocrx_word' id='word_1_29' title='bbox 198 1050 228 1116; x_wconf 75' lang='lat' dir='ltr'><strong>d</strong></span> <span class='ocrx_word' id='word_1_30' title='bbox 254 1053 355 1136; x_wconf 72' lang='lat' dir='ltr'><strong>Aper.</strong></span> 
     </span>
    </p>
   </div>
   <div class='ocr_carea' id='block_1_3' title="bbox 804 1200 977 1267">
    <p class='ocr_par' dir='ltr' id='par_1_3' title="bbox 804 1200 977 1267">
     <span class='ocr_line' id='line_1_6' title="bbox 804 1200 977 1267; baseline 0.012 -5"><span class='ocrx_word' id='word_1_31' title='bbox 804 1200 891 1265; x_wconf 75' lang='lat' dir='ltr'><strong>tan.</strong></span> <span class='ocrx_word' id='word_1_32' title='bbox 936 1200 977 1267; x_wconf 84' lang='lat' dir='ltr'><strong>V.</strong></span> 
     </span>
    </p>
   </div>
   <div class='ocr_carea' id='block_1_4' title="bbox 270 1346 1520 1425">
    <p class='ocr_par' dir='ltr' id='par_1_4' title="bbox 270 1346 1520 1425">
     <span class='ocr_line' id='line_1_7' title="bbox 270 1346 1520 1425; baseline -0.002 -1"><span class='ocrx_word' id='word_1_33' title='bbox 270 1375 414 1425; x_wconf 76' lang='lat' dir='ltr'><strong>annunt.</strong></span> <span class='ocrx_word' id='word_1_34' title='bbox 439 1394 462 1407; x_wconf 93' lang='lat'><strong>··</strong></span> <span class='ocrx_word' id='word_1_35' title='bbox 485 1373 693 1423; x_wconf 69' lang='lat' dir='ltr'><strong>cursuum.</strong></span> <span class='ocrx_word' id='word_1_36' title='bbox 717 1391 741 1407; x_wconf 87' lang='lat'><strong>·</strong></span> <span class='ocrx_word' id='word_1_37' title='bbox 763 1346 931 1421; x_wconf 69' lang='lat' dir='ltr'><strong>Paetum.</strong></span> <span class='ocrx_word' id='word_1_38' title='bbox 955 1391 979 1403; x_wconf 90' lang='lat'>-</span> <span class='ocrx_word' id='word_1_39' title='bbox 1003 1370 1217 1420; x_wconf 74' lang='lat' dir='ltr'><strong>Amnmcus</strong></span> <span class='ocrx_word' id='word_1_40' title='bbox 1239 1370 1520 1424; x_wconf 77' lang='lat' dir='ltr'><strong>GENERATRICRS.</strong></span> 
     </span>
    </p>
   </div>
   <div class='ocr_carea' id='block_1_5' title="bbox 807 1506 997 1597">
    <p class='ocr_par' dir='ltr' id='par_1_5' title="bbox 807 1506 997 1597">
     <span class='ocr_line' id='line_1_8' title="bbox 807 1506 997 1597; baseline -0.005 -24"><span class='ocrx_word' id='word_1_41' title='bbox 807 1506 935 1597; x_wconf 72' lang='lat' dir='ltr'><strong>Figura</strong></span> <span class='ocrx_word' id='word_1_42' title='bbox 969 1529 997 1572; x_wconf 91' lang='lat'><strong>1.</strong></span> 
     </span>
    </p>
   </div>
   <div class='ocr_carea' id='block_1_6' title="bbox 156 1640 1648 1951">
    <p class='ocr_par' dir='ltr' id='par_1_6' title="bbox 156 1640 1648 1951">
     <span class='ocr_line' id='line_1_9' title="bbox 199 1640 1648 1729; baseline 0.002 -20"><span class='ocrx_word' id='word_1_43' title='bbox 199 1643 325 1709; x_wconf 74' lang='lat' dir='ltr'><strong>Annuli</strong></span> <span class='ocrx_word' id='word_1_44' title='bbox 354 1643 456 1726; x_wconf 87' lang='lat' dir='ltr'><strong>partis</strong></span> <span class='ocrx_word' id='word_1_45' title='bbox 481 1643 652 1709; x_wconf 88' lang='lat' dir='ltr'><strong>anterioris</strong></span> <span class='ocrx_word' id='word_1_46' title='bbox 680 1640 825 1727; x_wconf 90' lang='lat' dir='ltr'><strong>corporis</strong></span> <span class='ocrx_word' id='word_1_47' title='bbox 852 1641 1020 1724; x_wconf 87' lang='lat' dir='ltr'><strong>superficie</strong></span> <span class='ocrx_word' id='word_1_48' title='bbox 1047 1640 1167 1705; x_wconf 84' lang='lat' dir='ltr'><strong>dorsuli</strong></span> <span class='ocrx_word' id='word_1_49' title='bbox 1190 1642 1351 1724; x_wconf 85' lang='lat' dir='ltr'><strong>conspecti</strong></span> <span class='ocrx_word' id='word_1_50' title='bbox 1371 1651 1404 1707; x_wconf 92' lang='lat' dir='ltr'><strong>et</strong></span> <span class='ocrx_word' id='word_1_51' title='bbox 1422 1644 1648 1729; x_wconf 74' lang='lat' dir='ltr'><strong>magnitudine</strong></span> 
     </span>
     <span class='ocr_line' id='line_1_10' title="bbox 156 1752 788 1836; baseline -0.002 -19"><span class='ocrx_word' id='word_1_52' title='bbox 156 1754 297 1820; x_wconf 76' lang='lat' dir='ltr'><strong>naturali</strong></span> <span class='ocrx_word' id='word_1_53' title='bbox 322 1753 485 1817; x_wconf 89' lang='lat' dir='ltr'><strong>delineati.</strong></span> <span class='ocrx_word' id='word_1_54' title='bbox 512 1754 594 1817; x_wconf 89' lang='lat' dir='ltr'><strong>Sunt</strong></span> <span class='ocrx_word' id='word_1_55' title='bbox 615 1752 788 1836; x_wconf 74' lang='lat' dir='ltr'><strong>simplices.</strong></span> 
     </span>
     <span class='ocr_line' id='line_1_11' title="bbox 798 1859 996 1951; baseline -0.005 -25"><span class='ocrx_word' id='word_1_56' title='bbox 798 1859 926 1951; x_wconf 72' lang='lat' dir='ltr'><strong>Figura</strong></span> <span class='ocrx_word' id='word_1_57' title='bbox 964 1880 996 1926; x_wconf 78' lang='lat'><strong>2.</strong></span> 
     </span>
    </p>
   </div>
   <div class='ocr_carea' id='block_1_7' title="bbox 154 1990 1652 2345">
    <p class='ocr_par' dir='ltr' id='par_1_7' title="bbox 154 1990 1652 2345">
     <span class='ocr_line' id='line_1_12' title="bbox 198 1990 1652 2079; baseline -0.001 -16"><span class='ocrx_word' id='word_1_58' title='bbox 198 1996 323 2063; x_wconf 83' lang='lat' dir='ltr'><strong>Annuli</strong></span> <span class='ocrx_word' id='word_1_59' title='bbox 352 1995 454 2079; x_wconf 84' lang='lat' dir='ltr'><strong>partis</strong></span> <span class='ocrx_word' id='word_1_60' title='bbox 477 1994 650 2060; x_wconf 87' lang='lat' dir='ltr'><strong>anterioris</strong></span> <span class='ocrx_word' id='word_1_61' title='bbox 671 1991 822 2078; x_wconf 84' lang='lat' dir='ltr'><strong>corporis·</strong></span> <span class='ocrx_word' id='word_1_62' title='bbox 838 1990 1008 2075; x_wconf 86' lang='lat' dir='ltr'><strong>superficie</strong></span> <span class='ocrx_word' id='word_1_63' title='bbox 1033 1990 1174 2055; x_wconf 82' lang='lat' dir='ltr'><strong>ventrali</strong></span> <span class='ocrx_word' id='word_1_64' title='bbox 1199 1999 1233 2058; x_wconf 90' lang='lat' dir='ltr'><strong>et</strong></span> <span class='ocrx_word' id='word_1_65' title='bbox 1256 1991 1483 2078; x_wconf 86' lang='lat' dir='ltr'><strong>magnitudine</strong></span> <span class='ocrx_word' id='word_1_66' title='bbox 1508 1998 1652 2065; x_wconf 81' lang='lat' dir='ltr'><strong>naturali</strong></span> 
     </span>
     <span class='ocr_line' id='line_1_13' title="bbox 154 2099 1595 2199; baseline -0.022 -23"><span class='ocrx_word' id='word_1_67' title='bbox 154 2109 326 2194; x_wconf 87' lang='lat' dir='ltr'><strong>conspecti.</strong></span> <span class='ocrx_word' id='word_1_68' title='bbox 351 2106 606 2191; x_wconf 82' lang='lat' dir='ltr'><strong>Impressionem</strong></span> <span class='ocrx_word' id='word_1_69' title='bbox 619 2113 836 2199; x_wconf 71' lang='lat' dir='ltr'><strong>nausrersam</strong></span> <span class='ocrx_word' id='word_1_70' title='bbox 858 2102 981 2188; x_wconf 77' lang='lat' dir='ltr'>singuli</span> <span class='ocrx_word' id='word_1_71' title='bbox 1006 2099 1190 2184; x_wconf 79' lang='lat' dir='ltr'><strong>perhibent.</strong></span> <span class='ocrx_word' id='word_1_72' title='bbox 1422 2115 1424 2119; x_wconf 40' lang='lat'><strong>¹</strong></span> <span class='ocrx_word' id='word_1_73' title='bbox 1458 2135 1462 2141; x_wconf 80' lang='lat'><strong>.</strong></span> <span class='ocrx_word' id='word_1_74' title='bbox 1592 2133 1595 2145; x_wconf 95' lang='lat'><strong>.</strong></span> 
     </span>
     <span class='ocr_line' id='line_1_14' title="bbox 801 2253 1044 2345; baseline -0.008 -24"><span class='ocrx_word' id='word_1_75' title='bbox 801 2253 928 2345; x_wconf 72' lang='lat' dir='ltr'><strong>Figura</strong></span> <span class='ocrx_word' id='word_1_76' title='bbox 965 2253 995 2320; x_wconf 83' lang='lat'><strong>5.</strong></span> <span class='ocrx_word' id='word_1_77' title='bbox 1041 2302 1044 2307; x_wconf 80' lang='lat'><strong>·</strong></span> 
     </span>
    </p>
   </div>
   <div class='ocr_carea' id='block_1_8' title="bbox 198 2385 1652 2483">
    <p class='ocr_par' dir='ltr' id='par_1_8' title="bbox 198 2385 1652 2483">
     <span class='ocr_line' id='line_1_15' title="bbox 198 2385 1652 2483; baseline -0.001 -26"><span class='ocrx_word' id='word_1_78' title='bbox 198 2393 347 2457; x_wconf 79' lang='lat' dir='ltr'><strong>Annulos</strong></span> <span class='ocrx_word' id='word_1_79' title='bbox 371 2391 528 2474; x_wconf 84' lang='lat' dir='ltr'><strong>exprimit</strong></span> <span class='ocrx_word' id='word_1_80' title='bbox 553 2392 589 2455; x_wconf 92' lang='lat' dir='ltr'><strong>in</strong></span> <span class='ocrx_word' id='word_1_81' title='bbox 607 2389 805 2454; x_wconf 86' lang='lat' dir='ltr'><strong>contrariam</strong></span> <span class='ocrx_word' id='word_1_82' title='bbox 829 2398 956 2483; x_wconf 84' lang='lat' dir='ltr'><strong>partem</strong></span> <span class='ocrx_word' id='word_1_83' title='bbox 982 2395 1130 2453; x_wconf 87' lang='lat' dir='ltr'><strong>extensos</strong></span> <span class='ocrx_word' id='word_1_84' title='bbox 1154 2385 1200 2451; x_wconf 81' lang='lat' dir='ltr'><strong>itu</strong></span> <span class='ocrx_word' id='word_1_85' title='bbox 1224 2396 1263 2452; x_wconf 89' lang='lat' dir='ltr'><strong>ut</strong></span> <span class='ocrx_word' id='word_1_86' title='bbox 1280 2388 1346 2453; x_wconf 82' lang='lat' dir='ltr'><strong>tela</strong></span> <span class='ocrx_word' id='word_1_87' title='bbox 1368 2389 1564 2456; x_wconf 87' lang='lat' dir='ltr'><strong>intermedia</strong></span> <span class='ocrx_word' id='word_1_88' title='bbox 1586 2410 1652 2478; x_wconf 81' lang='lat' dir='ltr'><strong>qua</strong></span> 
     </span>
    </p>
   </div>
   <div class='ocr_carea' id='block_1_9' title="bbox 155 2502 992 2677">
    <p class='ocr_par' dir='ltr' id='par_1_9' title="bbox 155 2502 992 2677">
     <span class='ocr_line' id='line_1_16' title="bbox 155 2502 732 2587; baseline -0.003 -20"><span class='ocrx_word' id='word_1_89' title='bbox 155 2506 242 2570; x_wconf 83' lang='lat' dir='ltr'><strong>inter</strong></span> <span class='ocrx_word' id='word_1_90' title='bbox 263 2525 297 2568; x_wconf 89' lang='lat' dir='ltr'><strong>se</strong></span> <span class='ocrx_word' id='word_1_91' title='bbox 321 2504 489 2569; x_wconf 83' lang='lat' dir='ltr'><strong>adhaerent</strong></span> <span class='ocrx_word' id='word_1_92' title='bbox 506 2502 732 2587; x_wconf 83' lang='lat' dir='ltr'><strong>conspiciatur.</strong></span> 
     </span>
     <span class='ocr_line' id='line_1_17' title="bbox 805 2583 992 2677; baseline -0.011 -25"><span class='ocrx_word' id='word_1_93' title='bbox 805 2585 932 2677; x_wconf 68' lang='lat' dir='ltr'><strong>Figura</strong></span> <span class='ocrx_word' id='word_1_94' title='bbox 961 2583 992 2650; x_wconf 82' lang='grc'><strong>4.</strong></span> 
     </span>
    </p>
   </div>
   <div class='ocr_carea' id='block_1_10' title="bbox 198 2712 1651 2809">
    <p class='ocr_par' dir='ltr' id='par_1_10' title="bbox 198 2712 1651 2809">
     <span class='ocr_line' id='line_1_18' title="bbox 198 2712 1651 2809; baseline 0 -21"><span class='ocrx_word' id='word_1_95' title='bbox 198 2723 324 2788; x_wconf 79' lang='lat' dir='ltr'><strong>Annuli</strong></span> <span class='ocrx_word' id='word_1_96' title='bbox 343 2723 474 2787; x_wconf 89' lang='lat' dir='ltr'><strong>latiores</strong></span> <span class='ocrx_word' id='word_1_97' title='bbox 496 2722 532 2787; x_wconf 91' lang='lat' dir='ltr'><strong>in</strong></span> <span class='ocrx_word' id='word_1_98' title='bbox 555 2722 674 2809; x_wconf 85' lang='lat' dir='ltr'><strong>quibus</strong></span> <span class='ocrx_word' id='word_1_99' title='bbox 702 2722 871 2805; x_wconf 81' lang='lat' dir='ltr'><strong>impressio</strong></span> <span class='ocrx_word' id='word_1_100' title='bbox 894 2731 1076 2787; x_wconf 74' lang='lat' dir='ltr'><strong>uanaversa</strong></span> <span class='ocrx_word' id='word_1_101' title='bbox 1097 2737 1156 2802; x_wconf 85' lang='lat' dir='ltr'><strong>per</strong></span> <span class='ocrx_word' id='word_1_102' title='bbox 1179 2712 1282 2785; x_wconf 80' lang='lat' dir='ltr'><strong>totam</strong></span> <span class='ocrx_word' id='word_1_103' title='bbox 1305 2719 1507 2804; x_wconf 83' lang='lat' dir='ltr'><strong>superficiem</strong></span> <span class='ocrx_word' id='word_1_104' title='bbox 1530 2725 1651 2788; x_wconf 82' lang='lat' dir='ltr'><strong>unius-</strong></span> 
     </span>
    </p>
   </div>
   <div class='ocr_carea' id='block_1_11' title="bbox 152 2833 990 3007">
    <p class='ocr_par' dir='ltr' id='par_1_11' title="bbox 152 2833 990 3007">
     <span class='ocr_line' id='line_1_19' title="bbox 152 2833 511 2919; baseline -0.006 -21"><span class='ocrx_word' id='word_1_105' title='bbox 152 2833 295 2919; x_wconf 78' lang='lat' dir='ltr'><strong>cujustis</strong></span> <span class='ocrx_word' id='word_1_106' title='bbox 317 2833 511 2898; x_wconf 83' lang='lat' dir='ltr'><strong>extenditur.</strong></span> 
     </span>
     <span class='ocr_line' id='line_1_20' title="bbox 807 2917 990 3007; baseline -0.011 -25"><span class='ocrx_word' id='word_1_107' title='bbox 807 2917 934 3007; x_wconf 74' lang='lat' dir='ltr'><strong>Figura</strong></span> <span class='ocrx_word' id='word_1_108' title='bbox 960 2919 990 2981; x_wconf 85' lang='lat'><strong>5.</strong></span> 
     </span>
    </p>
   </div>
   <div class='ocr_carea' id='block_1_12' title="bbox 154 3026 1649 4068">
    <p class='ocr_par' dir='ltr' id='par_1_12' title="bbox 154 3026 1649 4068">
     <span class='ocr_line' id='line_1_21' title="bbox 198 3026 1379 3113; baseline -0.003 -17"><span class='ocrx_word' id='word_1_109' title='bbox 198 3030 323 3096; x_wconf 72' lang='lat' dir='ltr'><strong>tinnuli</strong></span> <span class='ocrx_word' id='word_1_110' title='bbox 347 3030 464 3094; x_wconf 82' lang='lat' dir='ltr'><strong>medioe</strong></span> <span class='ocrx_word' id='word_1_111' title='bbox 483 3030 627 3113; x_wconf 87' lang='lat' dir='ltr'><strong>corporis</strong></span> <span class='ocrx_word' id='word_1_112' title='bbox 647 3029 749 3112; x_wconf 85' lang='lat' dir='ltr'><strong>partis</strong></span> <span class='ocrx_word' id='word_1_113' title='bbox 775 3027 987 3110; x_wconf 82' lang='lat' dir='ltr'><strong>impressione</strong></span> <span class='ocrx_word' id='word_1_114' title='bbox 1007 3034 1188 3092; x_wconf 79' lang='lat' dir='ltr'><strong>transversa</strong></span> <span class='ocrx_word' id='word_1_115' title='bbox 1211 3026 1379 3092; x_wconf 73' lang='lat' dir='ltr'><strong>notabiles.</strong></span> 
     </span>
     <span class='ocr_line' id='line_1_22' title="bbox 803 3179 991 3271; baseline -0.005 -25"><span class='ocrx_word' id='word_1_116' title='bbox 803 3179 931 3271; x_wconf 77' lang='lat' dir='ltr'><strong>Figura</strong></span> <span class='ocrx_word' id='word_1_117' title='bbox 961 3180 991 3246; x_wconf 88' lang='grc'><strong>6.</strong></span> 
     </span>
     <span class='ocr_line' id='line_1_23' title="bbox 198 3315 1649 3404; baseline 0.005 -25"><span class='ocrx_word' id='word_1_118' title='bbox 198 3315 323 3379; x_wconf 72' lang='lat' dir='ltr'><strong>Annuli</strong></span> <span class='ocrx_word' id='word_1_119' title='bbox 347 3316 523 3380; x_wconf 87' lang='lat' dir='ltr'><strong>anteriores</strong></span> <span class='ocrx_word' id='word_1_120' title='bbox 552 3316 588 3378; x_wconf 89' lang='lat' dir='ltr'><strong>in</strong></span> <span class='ocrx_word' id='word_1_121' title='bbox 613 3315 734 3401; x_wconf 90' lang='lat' dir='ltr'><strong>quibus</strong></span> <span class='ocrx_word' id='word_1_122' title='bbox 758 3316 831 3381; x_wconf 79' lang='lat' dir='ltr'><strong>duae</strong></span> <span class='ocrx_word' id='word_1_123' title='bbox 863 3316 1169 3382; x_wconf 80' lang='lat' dir='ltr'><strong>animadvertuntur</strong></span> <span class='ocrx_word' id='word_1_124' title='bbox 1192 3316 1419 3400; x_wconf 84' lang='lat' dir='ltr'><strong>impressiones</strong></span> <span class='ocrx_word' id='word_1_125' title='bbox 1438 3326 1649 3404; x_wconf 55' lang='lat' dir='ltr'><strong>ornaveram</strong></span> 
     </span>
     <span class='ocr_line' id='line_1_24' title="bbox 154 3427 841 3512; baseline 0 -23"><span class='ocrx_word' id='word_1_126' title='bbox 154 3428 381 3512; x_wconf 76' lang='lat' dir='ltr'><strong>magnitudine</strong></span> <span class='ocrx_word' id='word_1_127' title='bbox 408 3427 550 3491; x_wconf 87' lang='lat' dir='ltr'><strong>naturali</strong></span> <span class='ocrx_word' id='word_1_128' title='bbox 575 3435 652 3491; x_wconf 89' lang='lat' dir='ltr'><strong>sunt</strong></span> <span class='ocrx_word' id='word_1_129' title='bbox 675 3447 841 3511; x_wconf 75' lang='lat' dir='ltr'><strong>expressae.</strong></span> 
     </span>
     <span class='ocr_line' id='line_1_25' title="bbox 798 3579 993 3670; baseline 0 -26"><span class='ocrx_word' id='word_1_130' title='bbox 798 3579 925 3670; x_wconf 71' lang='lat' dir='ltr'><strong>Figura</strong></span> <span class='ocrx_word' id='word_1_131' title='bbox 963 3605 993 3667; x_wconf 87' lang='lat'><strong>7.</strong></span> 
     </span>
     <span class='ocr_line' id='line_1_26' title="bbox 199 3710 1649 3801; baseline 0.003 -26"><span class='ocrx_word' id='word_1_132' title='bbox 199 3712 324 3775; x_wconf 76' lang='lat' dir='ltr'><strong>Annuli</strong></span> <span class='ocrx_word' id='word_1_133' title='bbox 346 3714 447 3795; x_wconf 81' lang='lat' dir='ltr'><strong>partis</strong></span> <span class='ocrx_word' id='word_1_134' title='bbox 470 3713 656 3795; x_wconf 81' lang='lat' dir='ltr'><strong>posterioris</strong></span> <span class='ocrx_word' id='word_1_135' title='bbox 679 3715 839 3798; x_wconf 79' lang='lat' dir='ltr'><strong>corporis3</strong></span> <span class='ocrx_word' id='word_1_136' title='bbox 870 3710 1121 3797; x_wconf 66' lang='lat' dir='ltr'><strong>veredunum,</strong></span> <span class='ocrx_word' id='word_1_137' title='bbox 1147 3712 1182 3776; x_wconf 93' lang='lat' dir='ltr'><strong>id</strong></span> <span class='ocrx_word' id='word_1_138' title='bbox 1204 3721 1271 3796; x_wconf 85' lang='lat' dir='ltr'><strong>est,</strong></span> <span class='ocrx_word' id='word_1_139' title='bbox 1306 3713 1342 3777; x_wconf 88' lang='lat' dir='ltr'><strong>in</strong></span> <span class='ocrx_word' id='word_1_140' title='bbox 1368 3716 1429 3779; x_wconf 86' lang='lat' dir='ltr'><strong>hac</strong></span> <span class='ocrx_word' id='word_1_141' title='bbox 1457 3714 1576 3801; x_wconf 80' lang='lat' dir='ltr'><strong>figura,</strong></span> <span class='ocrx_word' id='word_1_142' title='bbox 1614 3718 1649 3781; x_wconf 93' lang='lat' dir='ltr'><strong>in</strong></span> 
     </span>
     <span class='ocr_line' id='line_1_27' title="bbox 155 3820 1322 3907; baseline 0.002 -21"><span class='ocrx_word' id='word_1_143' title='bbox 155 3831 292 3907; x_wconf 87' lang='lat' dir='ltr'><strong>quatuor</strong></span> <span class='ocrx_word' id='word_1_144' title='bbox 312 3823 444 3887; x_wconf 87' lang='lat' dir='ltr'><strong>annulis</strong></span> <span class='ocrx_word' id='word_1_145' title='bbox 464 3822 695 3906; x_wconf 83' lang='lat' dir='ltr'><strong>posterioribus</strong></span> <span class='ocrx_word' id='word_1_146' title='bbox 719 3825 821 3889; x_wconf 73' lang='lat' dir='ltr'><strong>nullas</strong></span> <span class='ocrx_word' id='word_1_147' title='bbox 840 3825 960 3888; x_wconf 85' lang='lat' dir='ltr'><strong>dantur</strong></span> <span class='ocrx_word' id='word_1_148' title='bbox 981 3823 1215 3907; x_wconf 86' lang='lat' dir='ltr'><strong>impressiones.</strong></span> <span class='ocrx_word' id='word_1_149' title='bbox 1280 3820 1284 3827; x_wconf 83' lang='lat'>&#39;</span> <span class='ocrx_word' id='word_1_150' title='bbox 1318 3820 1322 3826; x_wconf 76' lang='grc'><strong>’</strong></span> 
     </span>
     <span class='ocr_line' id='line_1_28' title="bbox 808 3976 993 4068; baseline -0.005 -24"><span class='ocrx_word' id='word_1_151' title='bbox 808 3976 934 4068; x_wconf 73' lang='lat' dir='ltr'><strong>Figura</strong></span> <span class='ocrx_word' id='word_1_152' title='bbox 963 3977 993 4043; x_wconf 89' lang='lat'><strong>8.</strong></span> 
     </span>
    </p>
   </div>
   <div class='ocr_carea' id='block_1_13' title="bbox 156 4090 1649 4527">
    <p class='ocr_par' dir='ltr' id='par_1_13' title="bbox 156 4090 1649 4527">
     <span class='ocr_line' id='line_1_29' title="bbox 200 4090 1649 4202; baseline 0.008 -29"><span class='ocrx_word' id='word_1_153' title='bbox 200 4108 366 4175; x_wconf 84' lang='lat' dir='ltr'><strong>Clitellum</strong></span> <span class='ocrx_word' id='word_1_154' title='bbox 386 4110 623 4196; x_wconf 83' lang='lat' dir='ltr'><strong>magnitudinis</strong></span> <span class='ocrx_word' id='word_1_155' title='bbox 644 4114 820 4197; x_wconf 87' lang='lat' dir='ltr'><strong>naturalis,</strong></span> <span class='ocrx_word' id='word_1_156' title='bbox 845 4114 959 4179; x_wconf 92' lang='lat' dir='ltr'><strong>dolioli</strong></span> <span class='ocrx_word' id='word_1_157' title='bbox 981 4115 1115 4197; x_wconf 84' lang='lat' dir='ltr'><strong>formae,</strong></span> <span class='ocrx_word' id='word_1_158' title='bbox 1137 4090 1305 4197; x_wconf 80' lang='lat' dir='ltr'><strong>superficie</strong></span> <span class='ocrx_word' id='word_1_159' title='bbox 1327 4113 1498 4202; x_wconf 70' lang='lat' dir='ltr'><strong>laevigati,</strong></span> <span class='ocrx_word' id='word_1_160' title='bbox 1516 4119 1649 4184; x_wconf 87' lang='lat' dir='ltr'><strong>annulis</strong></span> 
     </span>
     <span class='ocr_line' id='line_1_30' title="bbox 156 4220 433 4303; baseline 0.014 -23"><span class='ocrx_word' id='word_1_161' title='bbox 156 4239 223 4283; x_wconf 90' lang='lat' dir='ltr'><strong>non</strong></span> <span class='ocrx_word' id='word_1_162' title='bbox 242 4220 433 4303; x_wconf 77' lang='lat' dir='ltr'><strong>conspicuis</strong></span> 
     </span>
     <span class='ocr_line' id='line_1_31' title="bbox 807 4308 993 4398; baseline -0.005 -24"><span class='ocrx_word' id='word_1_163' title='bbox 807 4308 932 4398; x_wconf 70' lang='lat' dir='ltr'><strong>Figura</strong></span> <span class='ocrx_word' id='word_1_164' title='bbox 963 4333 993 4397; x_wconf 83' lang='lat'><strong>9.</strong></span> 
     </span>
     <span class='ocr_line' id='line_1_32' title="bbox 200 4439 1647 4527; baseline 0.003 -20"><span class='ocrx_word' id='word_1_165' title='bbox 200 4439 366 4507; x_wconf 78' lang='lat' dir='ltr'><strong>clitellam</strong></span> <span class='ocrx_word' id='word_1_166' title='bbox 389 4442 626 4527; x_wconf 79' lang='lat' dir='ltr'><strong>magnitudinis</strong></span> <span class='ocrx_word' id='word_1_167' title='bbox 641 4443 813 4526; x_wconf 88' lang='lat' dir='ltr'><strong>naturalis,</strong></span> <span class='ocrx_word' id='word_1_168' title='bbox 833 4446 913 4509; x_wconf 82' lang='lat' dir='ltr'><strong>facie</strong></span> <span class='ocrx_word' id='word_1_169' title='bbox 933 4443 1073 4509; x_wconf 85' lang='lat' dir='ltr'><strong>ventrali</strong></span> <span class='ocrx_word' id='word_1_170' title='bbox 1096 4462 1299 4526; x_wconf 82' lang='lat' dir='ltr'><strong>expressum,</strong></span> <span class='ocrx_word' id='word_1_171' title='bbox 1325 4444 1438 4510; x_wconf 90' lang='lat' dir='ltr'><strong>dolioli</strong></span> <span class='ocrx_word' id='word_1_172' title='bbox 1462 4445 1575 4514; x_wconf 76' lang='lat' dir='ltr'><strong>fcrmoe</strong></span> <span class='ocrx_word' id='word_1_173' title='bbox 1595 4451 1647 4514; x_wconf 78' lang='lat' dir='ltr'><strong>tel</strong></span> 
     </span>
    </p>
   </div>
   <div class='ocr_carea' id='block_1_14' title="bbox 155 4549 1356 4715">
    <p class='ocr_par' dir='ltr' id='par_1_14' title="bbox 155 4549 1356 4715">
     <span class='ocr_line' id='line_1_33' title="bbox 155 4549 1356 4712; baseline 0.004 -99"><span class='ocrx_word' id='word_1_174' title='bbox 155 4549 340 4635; x_wconf 76' lang='lat' dir='ltr'><strong>fusissime,</strong></span> <span class='ocrx_word' id='word_1_175' title='bbox 360 4551 527 4637; x_wconf 85' lang='lat' dir='ltr'><strong>superficie</strong></span> <span class='ocrx_word' id='word_1_176' title='bbox 549 4552 761 4622; x_wconf 76' lang='lat' dir='ltr'><strong>transversim</strong></span> <span class='ocrx_word' id='word_1_177' title='bbox 781 4554 978 4638; x_wconf 80' lang='lat' dir='ltr'><strong>suean‚·et</strong></span> <span class='ocrx_word' id='word_1_178' title='bbox 996 4575 1018 4641; x_wconf 84' lang='lat'><strong>9</strong></span> <span class='ocrx_word' id='word_1_179' title='bbox 1041 4553 1175 4712; x_wconf 52' lang='lat' dir='ltr'><strong>annulzis</strong></span> <span class='ocrx_word' id='word_1_180' title='bbox 1197 4553 1356 4620; x_wconf 67' lang='lat' dir='ltr'><strong>enatum.</strong></span> 
     </span>
     <span class='ocr_line' id='line_1_34' title="bbox 1158 4664 1179 4715; baseline 0 0"><span class='ocrx_word' id='word_1_181' title='bbox 1158 4664 1179 4715; x_wconf 80' lang='lat'>2</span> 
     </span>
    </p>
   </div>
   <div class='ocr_carea' id='block_1_15' title="bbox 0 0 2104 5842">
    <p class='ocr_par' dir='ltr' id='par_1_15' title="bbox 0 0 2104 5842">
     <span class='ocr_line' id='line_1_35' title="bbox 0 0 2104 5842; baseline 0 0"><span class='ocrx_word' id='word_1_182' title='bbox 0 0 2104 5842; x_wconf 95' lang='lat' dir='ltr'><strong> </strong></span> 
     </span>
    </p>
   </div>
  </div>
 </body>
</html>
