4244 5850
1096 523 1227 624 (94)

409 692 629 793 quadratum
643 692 851 789 elongatum
866 689 1030 765 erombo
1041 693 1209 792 superios
1219 707 1443 769 coronatum.
1458 696 1574 770 Instar
1583 694 1777 773 dorsalium
1789 724 1917 776 eorum

411 817 524 891 latera
546 818 584 888 in
608 816 764 889 maximi
787 828 888 915 parte
910 817 1068 915 corporis
1089 817 1185 889 inter
1206 841 1245 889 se
1262 830 1350 889 sunt
1370 815 1540 916 parallelo
1564 832 1603 891 et
1622 819 1796 894 lateribus
1814 848 1921 895 mus-

410 938 578 1013 culorum
599 936 795 1011 dorsalium
818 937 1033 1011 vicinorum.
1061 937 1129 1010 Hic
1150 935 1411 1036 parallelismus
1432 937 1555 1010 locum
1576 938 1684 1013 habet
1708 966 1729 1011 a
1749 939 1816 1014 30⁰
1841 942 1919 1017 sire

412 1059 478 1134 320
501 1059 639 1133 annulo
660 1083 778 1159 usque
806 1058 850 1131 ad
879 1084 1004 1132 anum.
1034 1058 1348 1151 Ad1811m,latus
1373 1073 1514 1133 rectum
1534 1062 1646 1132 unius
1669 1073 1707 1134 et
1732 1063 1919 1137 sinistrum

412 1180 563 1254 alterius
585 1179 837 1279 convcrgendo
858 1181 1100 1273 inclinantur,
1124 1182 1303 1282 angulum
1325 1181 1537 1273 efformant,
1565 1183 1762 1281 dirergunt
1787 1184 1921 1258 deinde

411 1300 593 1402 usquead
615 1307 716 1375 10um
740 1305 902 1395 circiter,
925 1304 1083 1376 formant
1104 1304 1262 1377 alterum
1286 1303 1463 1403 angulum
1487 1317 1525 1375 et
1550 1317 1777 1401 convergunt
1798 1304 1922 1379 denuo

413 1449 539 1500 versus
558 1439 669 1524 caput
692 1450 768 1498 sese
790 1425 991 1524 dirigendo.
1017 1427 1186 1500 Estudio
1210 1440 1365 1526 quatuor
1388 1425 1544 1499 laterum
1568 1438 1607 1498 et
1630 1424 1786 1498 duarum
1805 1426 1921 1499 facie·

411 1574 494 1621 rum
518 1547 681 1621 delinitio
705 1549 834 1621 clarior
854 1548 995 1621 evadet.

204 1681 302 1759 mura
322 1685 398 1729 anu
465 1670 576 1743 Latus
597 1672 759 1743 anterius
780 1684 834 1743 est
857 1670 1086 1743 rectilineum
1107 1684 1146 1743 et
1167 1670 1333 1743 efformat
1351 1694 1428 1742 sese
1445 1667 1665 1742 reflectendo
1690 1683 1829 1768 partem
1850 1695 1922 1745 an-

203 1756 396 1870 {lii312‘.²¹'⁰‘
419 1789 587 1862 teriorem
615 1788 741 1862 annuli
770 1815 843 1888 quo
869 1805 980 1889 caput
1003 1794 1234 1884 continetur,
1268 1792 1363 1891 (oc,
1381 1791 1460 1889 fig.
1494 1793 1530 1861 2.
1561 1792 1646 1863 eod.
1677 1791 1780 1890 tob.)
1810 1792 1922 1865 Latus

413 1911 592 2007 posterius
602 1922 655 1982 est
667 1909 818 2007 paulum
832 1924 1044 2005 extensum,
1058 1914 1293 2005 semilunare,
1306 1913 1499 1986 efformans
1509 1938 1621 1984 annm
1631 1967 1641 2004 ,
1653 1913 1716 1985 suri
1733 1911 1922 2014 junctione

194 2037 256 2093 star
275 2032 505 2104 ineutarscum
528 2032 746 2130 sphinctere.
781 2032 905 2132 Margo
938 2035 1095 2108 lateralis
1120 2051 1242 2109 rectus
1273 2036 1345 2107 CF
1376 2034 1476 2127 (sire
1500 2035 1642 2107 sinister
1677 2034 1748 2105 CF
1763 2032 1921 2108 musculi

228 2124 257 2159 η
271 2121 308 2159 ‘⁸’
416 2154 592 2252 oppositi)
629 2166 695 2226 aut
727 2165 919 2247 externus,
949 2170 1003 2229 est
1034 2173 1156 2232 rectus
1190 2182 1307 2256 usque
1339 2156 1384 2229 ad
1415 2156 1515 2227 30um
1545 2155 1752 2247 annulum,
1788 2154 1921 2229 deiude

415 2273 523 2347 variis
548 2270 662 2345 modis
690 2271 842 2346 inclinat
863 2277 1170 2374 quemadmodum
1193 2278 1266 2379 jam
1291 2276 1460 2353 vidimus.
1481 2277 1605 2375 Margo
1626 2275 1782 2349 lateralis
1804 2277 1922 2349 inter·

416 2417 487 2466 nus
508 2394 578 2480 ob,
604 2393 813 2468 rectilineus
839 2396 878 2467 in
904 2398 1044 2499 integri
1067 2400 1131 2474 sud
1154 2397 1383 2500 longitudine
1405 2412 1458 2471 est
1481 2411 1518 2470 et
1544 2397 1761 2470 determinat
1784 2395 1919 2471 lineam

416 2512 621 2586 medianam
646 2514 859 2588 ventralenr.

190 2651 405 2731 racionem
467 2632 591 2705 Facies
609 2645 760 2705 externa
777 2649 832 2708 est
852 2637 977 2710 similis
996 2641 1102 2715 faciei
1126 2655 1285 2715 externae
1308 2653 1489 2716 rectorum
1511 2637 1724 2728 dorsalium,
1744 2638 1921 2712 instructa

223 2731 250 2775 ‘²
264 2729 382 2774 mrema.
418 2752 516 2827 fibris
544 2752 889 2853 longitudinalibus,
912 2764 1110 2861 parallelis,
1139 2763 1353 2864 interruptis
1384 2761 1431 2836 ad
1462 2759 1622 2860 singulas
1649 2738 1921 2833 intersectionffl

419 2873 629 2967 annulares,
651 2875 714 2950 sed
737 2879 842 2952 modo
864 2884 995 2982 aequali
1018 2900 1056 2959 et
1077 2889 1264 2962 continuo.

465 2995 589 3068 Facies
611 2998 754 3071 interna
777 3012 831 3074 est
851 3003 978 3077 similis
998 3020 1157 3082 externae
1178 3006 1241 3081 sed
1263 3007 1443 3106 perforata
1465 3003 1668 3078 secundum
1692 3001 1782 3076 duas
1806 3002 1920 3075 lineas

417 3113 698 3216 longitudinales
721 3146 915 3220 pororum,
937 3152 1003 3227 per
1023 3155 1114 3229 quos
1138 3128 1422 3229 progrediuntur
1442 3140 1526 3200 setae
1547 3126 1623 3200 sive
1645 3126 1757 3224 spinae
1786 3122 1922 3224 quibus

418 3239 574 3313 musculi
597 3244 735 3342 proprii
756 3245 969 3322 inseruntur
990 3252 1193 3325 secundum
1219 3250 1401 3324 musculos
1422 3260 1539 3322 rectos
1560 3243 1753 3322 ventrales.

228 3380 395 3437 aetarnae..
467 3358 514 3430 lli
526 3361 681 3436 musculi
698 3365 737 3436 in
754 3366 928 3441 relatione
940 3386 1026 3445 sunt
1044 3377 1084 3444 1ο
1100 3373 1213 3447 latere
1224 3386 1373 3446 externo
1387 3372 1463 3469 (ab
1468 3422 1482 3457 ,
1488 3371 1567 3469 fig.
1582 3372 1619 3440 2.
1633 3368 1712 3440 tab.
1726 3366 1820 3440 XV
1819 3366 1924 3441 111-

417 3478 563 3580 XIX.)
580 3508 665 3558 cum
677 3484 774 3559 linei
786 3489 952 3565 mediant
969 3495 1119 3568 ventrali
1136 3496 1271 3569 scilicet
1287 3520 1372 3567 cum
1383 3491 1570 3593 junctione
1582 3487 1739 3561 musculi
1750 3488 1922 3587 oppositi,

418 3600 460 3669 2⁰
478 3604 641 3701 margine
658 3604 796 3680 laterali
814 3622 964 3685 externo
986 3639 1071 3688 cum
1090 3614 1186 3688 linet
1210 3613 1290 3689 telae
1311 3612 1492 3687 cellularis
1516 3610 1671 3685 densatae
1691 3633 1773 3708 quae
1789 3608 1921 3709 ipsosa

419 3722 594 3797 musculis
611 3728 717 3799 rectis
739 3727 936 3806 dorsalibus
957 3750 1118 3836 separat,
1143 3738 1183 3810 3⁰
1202 3736 1315 3810 latere
1335 3734 1506 3808 anteriori
1529 3758 1615 3806 oum
1635 3742 1737 3829 parte
1756 3728 1922 3803 inferiori

420 3840 548 3915 annuli
573 3845 645 3943 qul
676 3849 997 3948 comprehenditur
1031 3856 1174 3931 labrum
1199 3857 1354 3930 inferius
1367 3912 1377 3949 ,
1415 3856 1456 3947 4⁰
1486 3854 1599 3926 latere
1622 3852 1808 3952 posteriori
1835 3877 1923 3925 cum

420 3959 583 4038 inferiori
603 3981 706 4066 parte
726 3970 941 4070 sphincteris
956 3979 1035 4071 ani,
1060 3980 1100 4053 5ο
1117 3980 1209 4052 sacie
1231 3976 1381 4053 externi
1403 3999 1488 4048 cum
1511 3987 1621 4047 strato
1637 3972 1718 4045 telae
1739 3970 1922 4046 cellularis

420 4078 576 4160 densatae
603 4112 717 4186 quoa
744 4094 918 4168 musculis
944 4099 1180 4174 annularibus
1208 4111 1444 4198 separantur,
1472 4094 1515 4170 6⁰
1543 4095 1636 4168 facie
1661 4091 1811 4167 externi
1835 4116 1923 4167 cum

420 4202 630 4279 membranis
646 4208 910 4289 submusculari
934 4231 1073 4294 etcum
1099 4221 1273 4296 musculis
1289 4221 1443 4322 propriis
1469 4217 1619 4319 pedum.
1642 4216 1778 4287 Eorum
1800 4225 1923 4288 motus

422 4323 488 4419 qni
514 4350 682 4428 magnam
710 4331 909 4431 analogiam
938 4360 1022 4415 eum
1053 4339 1209 4416 motibus
1241 4338 1435 4416 dorsalium
1462 4337 1650 4440 praebent,
1684 4337 1723 4409 in
1753 4334 1922 4435 sequenti

422 4443 540 4542 capite
566 4448 725 4523 examini
746 4450 997 4555 subjicientur.
