4244 5850
1073 529 1228 628 (114)

396 690 632 786 determinat3
655 691 718 765 sed
740 693 899 767 multum
915 692 1031 784 abest,
1053 706 1097 766 nt
1117 693 1196 765 haec
1214 696 1450 768 conformatio
1471 694 1610 768 nullam
1628 692 1754 767 subeat
1774 706 1900 768 mute-

395 820 544 890 tionem.
568 817 727 916 Systcma
751 842 944 891 nervosum
968 815 1299 889 Invertebratorum
1323 814 1442 914 qnoad
1462 813 1540 917 ejus
1565 815 1701 888 variam
1723 813 1899 887 fabricam

395 939 567 1035 congruit
588 936 656 1010 sub
677 937 739 1010 illo
756 952 923 1036 respectu
942 965 1027 1011 cum
1048 940 1206 1037 ipsorum
1225 951 1416 1038 systemate
1431 936 1648 1026 musculari3
1673 936 1805 1009 multas
1823 935 1899 1009 dia-

394 1061 594 1158 crepantias
613 1059 783 1132 exhibet:
812 1058 913 1132 verbi
933 1058 1055 1149 causi,
1076 1060 1115 1130 in
1137 1058 1395 1152 Annelidibus,
1420 1058 1458 1130 in
1479 1057 1612 1158 quibus
1633 1071 1755 1129 tamen
1778 1058 1898 1133 varia-

391 1182 508 1253 tiones
530 1209 604 1254 non
626 1195 712 1254 sunt
734 1169 964 1279 multiplices.
991 1182 1090 1253 Duos
1111 1181 1208 1251 enim
1227 1192 1330 1279 typos
1346 1178 1400 1277 (1)
1422 1178 1617 1252 admodum
1637 1178 1820 1251 distinctos
1836 1204 1899 1253 re-

390 1310 571 1403 perimus:
596 1319 723 1403 typum
742 1302 963 1376 llirudinum
985 1302 1050 1400 qui
1067 1325 1286 1399 magnopere
1308 1300 1447 1374 accedit
1464 1301 1510 1375 ad
1526 1309 1679 1401 systema
1701 1326 1897 1376 nervosum

390 1428 614 1499 insectorum
637 1438 674 1497 et
696 1423 858 1520 plurium
883 1422 1177 1514 Crustaceorum3
1199 1446 1374 1496 numerus
1397 1422 1556 1523 vulgaris
1578 1423 1807 1523 gangliorum
1830 1424 1897 1497 fu·
1997 1479 2007 1492 .

389 1548 505 1622 niculi
533 1544 741 1620 medullaris
762 1543 954 1618 duodecim
976 1557 1049 1635 est,
1073 1541 1220 1617 cerebro
1243 1544 1353 1618 etiam
1375 1558 1584 1638 numerat03
1608 1543 1711 1617 filum
1732 1543 1897 1644 longitu-

390 1668 510 1743 dinale
525 1668 882 1741 efformansnervum
896 1679 1140 1738 recurrentem
1157 1667 1396 1763 compositum
1413 1679 1466 1738 est
1478 1668 1598 1764 specie
1609 1666 1743 1739 tunicae
1757 1665 1896 1760 solidae,

389 1791 559 1890 (albidas,
583 1789 684 1864 durae
702 1803 739 1863 et
753 1790 831 1862 sere
847 1814 986 1862 corneae
1002 1793 1042 1859 in
1061 1785 1294 1860 hirudinibus
1310 1785 1554 1887 vulgaribus).
1572 1788 1751 1860 Posterior
1767 1801 1895 1888 typus,

388 1912 526 1987 scilicet
546 1910 842 2003 Lumbricorum‚
869 1909 999 1983 melius
1022 1909 1209 1981 assimilari
1236 1921 1354 2008 potest
1372 1910 1555 2008 systemati
1576 1933 1727 1985 nervoso
1748 1910 1896 2008 proprio

386 2032 625 2109 Annclidum.
648 2031 833 2106 Numerus
857 2029 1084 2132 gangliorum
1108 2043 1162 2103 est
1183 2031 1297 2130 major
1315 2041 1353 2102 et
1374 2028 1524 2129 quidem
1543 2029 1678 2129 pendet
1699 2055 1719 2103 a
1741 2053 1895 2104 numero

386 2156 628 2248 annulorum3
654 2153 851 2228 substantia
879 2151 1073 2245 corticalis,
1098 2154 1174 2226 sive
1196 2150 1429 2227 involucrum
1455 2163 1675 2242 externum,
1697 2151 1820 2222 minus
1840 2163 1896 2223 est

388 2274 575 2369 distincta,
592 2278 714 2348 minus
728 2273 855 2367 solida,
876 2288 914 2348 et
935 2273 1163 2347 consistentib
1182 2271 1352 2345 molliori.
1376 2271 1441 2343 His
1458 2273 1552 2371 typis
1567 2271 1663 2343 inter
1682 2295 1720 2343 se
1736 2269 1894 2366 collatis,

386 2411 487 2498 patet
508 2424 626 2471 unum
650 2398 763 2498 magis
785 2398 921 2471 directe
943 2394 989 2468 ad
1010 2394 1206 2468 Annalides
1229 2420 1330 2468 veras
1351 2393 1486 2467 ducere
1507 2393 1735 2492 alterumque
1762 2392 1808 2466 ad
1829 2393 1895 2466 In-

386 2533 481 2592 secta
510 2533 547 2591 et
570 2522 770 2617 praesertim
792 2518 839 2591 ad
863 2518 1028 2615 Dipteras
1054 2515 1395 2615 imperfectissimas.
1424 2514 1519 2587 Vide
1548 2514 1818 2613 Expositionem
1845 2513 1892 2589 de

386 2643 641 2740 manuscriptis
660 2637 828 2738 operibus
850 2636 926 2710 Cel.
948 2639 1139 2736 Savigrp',
1162 2664 1182 2709 a
1203 2636 1279 2710 Cel.
1307 2639 1493 2710 Latreille
1511 2640 1748 2735 conscriptam
1773 2651 1811 2710 et
1830 2638 1893 2710 in-

300 2763 307 2773 ’
386 2775 519 2836 sertam
541 2786 624 2861 pag.
652 2764 711 2839 72
733 2775 820 2833 tom.
844 2758 918 2831 V.
950 2761 1136 2833 Annales
1154 2760 1353 2858 generales
1377 2759 1443 2832 des
1468 2761 1635 2832 sciences
1658 2760 1889 2857 plpsiques,

387 2883 443 2959 ,Gl
462 2884 535 2957 rir.
549 2883 654 2979 Bory
671 2883 716 2954 de
734 2884 788 2954 St.
814 2881 1009 2967 Vincerat,
1032 2883 1226 2978 Drapiez,
1250 2894 1288 2955 et
1312 2881 1367 2955 V
1361 2907 1413 2952 an
1433 2883 1565 2954 Mons.

327 3089 331 3095 ι
436 3004 587 3102 Singula
607 3004 668 3077 illa
685 3001 848 3103 ganglia
845 3002 1058 3076 muneribus
1073 3001 1210 3076 cerebri
1228 3000 1349 3099 quom
1369 3014 1489 3101 partes
1506 3000 1770 3074 circumdantes
1784 2962 1892 3102 sungi

159 3488 298 3541 Formatio
312 3505 371 3558 sys-

190 3556 297 3610 tentatis
311 3575 371 3612 ner·

188 3625 256 3677 voti.

387 3125 601 3198 creduntur.
625 3123 767 3197 Exinde
787 3122 950 3196 animalis
967 3122 1155 3196 lacerati
1130 3147 1205 3197 sive
1224 3123 1334 3194 secati
1356 3147 1486 3220 corpus
1508 3120 1716 3195 mutilatum
1735 3120 1892 3221 quadam

383 3245 619 3325 sensibilitate
635 3246 785 3318 fruitur.
803 3244 1018 3321 Videbimus
1034 3245 1186 3320 effectus
1207 3244 1340 3320 barum
1359 3245 1569 3318 scissionum
1585 3246 1625 3316 in
1644 3242 1755 3344 hujus
1776 3243 1891 3318 Trac-

389 3366 485 3435 tatus
511 3364 639 3462 quarta
661 3378 776 3463 parte.

438 3487 537 3558 Inter
561 3487 661 3586 leges
691 3488 915 3560 formationis
945 3487 1168 3565 diversorum
1201 3501 1435 3589 systematum
1467 3513 1685 3601 organorum
1720 3511 1801 3586 quoe
1832 3485 1890 3559 bis

389 3605 612 3704 temporibus
631 3607 784 3680 suerunt
804 3607 1017 3702 observate,
1042 3636 1124 3709 quae
1141 3609 1239 3709 leges
1255 3636 1328 3683 non
1344 3622 1431 3684 sunt
1438 3610 1516 3682 nisi
1536 3607 1801 3706 consequentiae
1820 3604 1890 3680 ob-

389 3729 649 3819 servationum,
661 3730 779 3827 primo
790 3728 868 3802 loco
885 3744 970 3803 sunt
982 3730 1422 3830 numerandaeillae,quae,
1435 3729 1637 3804 seeundum
1649 3727 1725 3802 Cel.
1738 3729 1863 3801 Serres
1872 3779 1887 3815 ,

388 3847 626 3944 (Anotomie
646 3851 1222 3945 compardedrcoerveau.1826.
1242 3866 1330 3924 tom.
1351 3853 1414 3925 ΙΙ.
1428 3878 1473 3948 p.
1492 3852 1554 3949 δὴ
1575 3863 1736 3949 praesunt
1758 3847 1889 3924 evolu-

388 3971 477 4043 tioni
494 3975 691 4071 systematis
708 3975 849 4047 nervosi
874 3973 1086 4048 animalium
1105 3973 1448 4049 lnvertebratorum.
1472 3972 1574 4064 llaec,
1600 3973 1721 4071 inquit
1737 3970 1887 4045 illustris

388 4103 530 4182 auctor,
547 4091 797 4166 tantummodo
813 4092 989 4167 differunt
1003 4121 1023 4166 a
1038 4094 1277 4186 Vertebratis‚
1295 4093 1443 4195 defectu
1454 4094 1531 4166 axis
1550 4091 1886 4192 cerebro-spinalis3

387 4223 424 4282 et
445 4223 595 4307 systema
619 4237 811 4287 nervosum
841 4217 1004 4312 priorum
1029 4213 1175 4289 videtur
1198 4238 1399 4313 congruere
1417 4239 1502 4303 cum
1525 4213 1678 4314 gangliis
1703 4214 1885 4288 interres-

447 4462 497 4526 (ι)
513 4460 659 4514 criterium
678 4464 802 4532 generale
820 4482 914 4519 acrum
933 4465 1092 4536 systematis
1105 4466 1215 4520 nervosi
1232 4465 1263 4521 in
1279 4484 1311 4521 co
1327 4478 1465 4534 versatur,
1477 4464 1554 4538 qnod
1564 4465 1685 4519 babeant
1701 4466 1840 4521 cerebrum
1855 4466 1885 4521 in

383 4549 558 4620 meaphagum
576 4550 697 4619 positum
715 4561 743 4605 et
760 4552 829 4606 duos
844 4553 984 4608 funiculos
1002 4557 1176 4630 oesopbageoa
1193 4573 1248 4610 eota
1273 4558 1419 4630 jungentes
1437 4575 1534 4614 reram
1554 4557 1692 4630 regionem
1709 4557 1885 4630 bypogmtri·

382 4654 441 4690 cam
469 4649 500 4691 ut
524 4637 670 4695 efformem
690 4657 808 4697 nervam
828 4653 1028 4709 recurrentem,
1052 4644 1217 4702 distinctum
1239 4647 1384 4720 gungula,
1404 4664 1439 4704 ox
1468 4647 1569 4719 quibua
1592 4646 1722 4703 ornatur
1749 4646 1830 4703 nervi
1850 4645 1881 4700 in

380 4735 470 4796 partes
486 4727 592 4784 vicinas
608 4740 757 4804 vergentes.
