4244 5850
1089 494 1105 595 (
1130 497 1244 598 106)

415 671 594 770 ingressui
620 666 788 744 faventis.
816 666 944 756 Quum
971 662 1107 738 animal
1130 679 1264 768 terram
1282 667 1468 763 perforare
1490 666 1602 762 velit,
1629 681 1667 742 et
1689 665 1832 743 labrum
1857 694 1925 744 su-

416 795 540 893 perius
568 790 810 865 terebrantem
834 788 990 863 sormam
1014 786 1184 882 inducat,
1214 787 1269 862 illi
1290 788 1455 864 fasciculi
1476 790 1573 865 inter
1595 815 1637 864 se
1657 789 1924 887 admoventur,

416 911 656 1014 parallelismo
678 912 864 1003 instituto,
892 908 1037 983 labrum
1056 911 1226 1012 erigitur,
1247 910 1376 986 durius
1393 912 1531 1007 evadit,
1553 911 1654 988 etad
1674 927 1810 988 terram
1829 900 1924 989 effo-

417 1032 587 1117 diendam
610 1029 808 1105 admodum
830 1042 884 1103 est
904 1029 1097 1107 idoneum.
1851 1051 1854 1061 ·

647 1219 700 1292 3⁰.
739 1218 874 1291 Motus
907 1217 1077 1288 musculi
1098 1218 1300 1290 elevatoris
1333 1220 1432 1292 labii
1462 1222 1681 1319 superioris.

189 1377 405 1465 notuimumuli
466 1366 676 1441 Masculus
697 1365 882 1449 elevator,
901 1359 1212 1462 quemadmodum
1234 1386 1366 1443 nomeu
1384 1362 1539 1454 indicat,
1562 1377 1765 1437 antrorsum
1789 1377 1828 1437 et
1841 1389 1926 1440 sur-

189 1464 401 1578 dimidiu*
417 1515 499 1563 sum
525 1486 628 1560 ducit
654 1484 797 1567 labrum
822 1486 884 1558 eui
911 1484 1083 1557 adhaeret.
1117 1481 1234 1556 Fibrae
1261 1482 1542 1582 longitudiuales
1562 1498 1599 1558 et
1621 1485 1801 1586 parallelae
1822 1485 1926 1561 hunc

417 1622 558 1684 motum
588 1607 733 1680 facilem
763 1606 947 1705 explicatu
979 1606 1210 1706 permittunt.
1241 1605 1351 1681 Illum
1378 1607 1494 1681 motui
1522 1609 1635 1684 vectis
1659 1610 1757 1682 tertii
1783 1610 1929 1709 generis

418 1731 593 1807 assimilo:
619 1731 778 1822 etenim,
800 1730 854 1804 vis
881 1753 990 1827 agens
1011 1728 1169 1803 occurrit
1188 1728 1284 1802 inter
1308 1727 1588 1828 hypomochlion
1604 1729 1679 1805 sive
1692 1731 1927 1805 insertionem

418 1853 611 1944 fibrarum,
632 1866 669 1925 et
686 1851 924 1929 resistentiam
943 1850 1018 1924 sive
1035 1847 1176 1926 labrum
1195 1846 1473 1936 sublevandum.
1499 1850 1584 1924 Haec
1596 1852 1731 1950 species
1749 1852 1860 1928 vectis
1873 1864 1929 1926 est

418 1974 576 2048 maxime
596 1972 725 2046 idonea
748 1970 923 2044 celeritati
949 1972 1088 2043 motds:
1113 1969 1247 2043 exinde
1271 1969 1414 2045 labrum
1438 1972 1605 2072 superius
1626 1985 1744 2073 potest
1767 1972 1927 2046 maximi

421 2120 507 2169 cum
526 2092 716 2193 velocitate
738 2091 876 2169 moveri
898 2092 973 2166 sive
992 2090 1113 2190 potius
1135 2089 1309 2166 oscillare.

469 2217 603 2292 Positio
621 2213 797 2289 naturalis
816 2211 928 2317 hujus
949 2210 1106 2289 musculi
1130 2192 1452 2305 esthorieontalis,
1472 2211 1629 2312 angulus
1651 2236 1763 2313 quem
1784 2211 1930 2289 labrum

419 2337 642 2413 sublevando
669 2337 851 2429 efformet,
875 2335 990 2411 variat
1014 2360 1081 2433 pro
1112 2331 1252 2409 diversa
1274 2334 1311 2409 vi
1335 2359 1417 2435 quae
1439 2335 1514 2434 agit
1536 2348 1573 2406 et
1593 2361 1676 2437 quae
1699 2336 1930 2438 proportion-

420 2459 513 2532 nalis
530 2473 584 2533 est
599 2459 704 2532 Sinui
725 2456 851 2557 anguli
868 2455 1051 2556 descripti.
1075 2454 1205 2544 Quum
1224 2451 1325 2527 labro
1346 2455 1523 2558 superiori
1545 2455 1729 2531 clauditur
1747 2483 1804 2554 os²
1827 2482 1931 2534 mus

421 2580 528 2655 culus
550 2592 690 2654 erector
714 2576 1025 2680 perpendicularis
1043 2575 1176 2654 evade.

644 2762 699 2855 4⁰.
737 2761 874 2835 Metus
907 2762 1072 2833 musculi
1098 2760 1329 2856 depresseris
1357 2761 1458 2834 labii
1481 2763 1703 2859 superioris.

195 2950 288 3008 Moru·
297 2946 415 3030 munuli
473 2926 543 3029 Hic
566 2904 755 3002 musculus
779 2951 887 3002 sensu
914 2927 1057 3001 inverso
1080 2950 1190 3025 quam
1220 2924 1428 3024 proecedens
1450 2927 1536 3026 agit.
1563 2926 1652 3029 Ejus
1667 2914 1797 3001 'motus
1820 2927 1932 3004 etiam

195 3019 414 3161 flfl'flfffifi}
426 3049 581 3125 efficitur
610 3063 783 3150 tanquam
812 3050 925 3123 vectis
947 3049 1046 3122 tertii
1075 3049 1229 3152 generis.
1260 3046 1376 3120 Fibris
1402 3049 1481 3123 loco
1511 3049 1757 3153 hypomochlii
1779 3050 1932 3155 inservit

423 3174 630 3248 extremitas
648 3174 824 3265 anterior,
845 3169 988 3247 labrum
1007 3173 1175 3270 superius
1195 3168 1245 3243 ad
1263 3195 1390 3249 earum
1409 3174 1674 3247 extremitatem
1691 3176 1850 3273 positum
1869 3197 1934 3249 re-

423 3296 593 3369 sistentiae
620 3319 779 3368 munere.
798 3294 991 3393 fungitur,
1031 3307 1069 3366 et
1095 3293 1242 3372 tandem
1275 3319 1340 3367 sua
1367 3294 1512 3393 propria
1539 3294 1741 3395 amplitudo
1763 3296 1848 3396 ipsis
1879 3295 1934 3371 vis

424 3414 564 3514 agentis
581 3417 677 3490 vices
696 3415 781 3513 agit.
805 3412 894 3514 Ejus
909 3414 1160 3487 inclinationes
1176 3412 1341 3487 eamdem
1356 3439 1522 3487 normam
1543 3428 1749 3514 sequuntur
1765 3441 1807 3487 ac
1822 3413 1934 3488 incli-

424 3538 588 3609 nationes
605 3534 762 3609 musculi
775 3534 1028 3637 praecedentis,
1046 3548 1083 3608 et
1092 3533 1170 3638 ejus
1184 3535 1376 3635 positiones
1390 3537 1498 3610 etiarn
1511 3549 1597 3610 sunt
1612 3534 1765 3629 similes3
1783 3534 1932 3610 tandem

425 3661 562 3764 positus
579 3672 632 3732 est
653 3658 697 3731 ad
720 3671 861 3758 partem
882 3659 1099 3734 anteriorem
1119 3656 1206 3732 labii
1224 3659 1418 3762 superioris
1446 3657 1560 3731 donec
1582 3652 1661 3760 eius
1686 3657 1937 3758 antagonistus

426 3808 533 3883 supra
557 3780 771 3857 collocatur.

702 3946 756 4023 5⁰.
788 3948 925 4021 Motus
956 3947 1125 4019 musculi
1141 3948 1293 4043 proprii
1325 3946 1424 4019 labii
1452 3944 1655 4045 inferioris.

199 4093 292 4195 Moror
299 4092 419 4214 ·¹¹¹1¹¹l‚⁰·¹·¹¹i
477 4088 566 4190 Ejus
577 4103 715 4183 motus,
735 4091 902 4190 quamvis
916 4103 1084 4164 accurate
1100 4088 1205 4163 fibras
1220 4089 1444 4189 distinguere
1460 4089 1551 4162 mibi
1568 4115 1645 4162 non
1660 4086 1828 4187 contigit,
1846 4100 1936 4161 sunt

200 4177 350 4286 libildrid
371 4179 392 4215 Η
426 4212 623 4312 simplices:
655 4211 794 4287 labium
834 4211 988 4285 inferius
1021 4210 1133 4284 semel
1160 4225 1363 4286 extrorsum
1401 4211 1609 4286 dilatatione
1642 4211 1698 4282 sui
1729 4208 1936 4282 retractaris

427 4332 664 4434 propulsum,
693 4335 733 4406 in
760 4333 1030 4406 constrictorem
1055 4332 1262 4406 musculum
1293 4333 1482 4407 reducitur
1505 4347 1542 4407 et
1569 4332 1614 4404 ab
1643 4345 1799 4432 utroque
1821 4329 1937 4405 latero

427 4453 549 4528 denuo
570 4452 751 4526 ascendit:
774 4451 874 4552 quod
893 4477 939 4526 ex
965 4477 1008 4527 eo
1030 4455 1198 4552 provenit
1222 4455 1321 4553 qnod
1342 4454 1482 4529 nullam
1504 4452 1746 4554 repulsionem
1768 4451 1933 4550 patiens,

427 4576 524 4674 capit
544 4575 758 4673 positionem
780 4575 939 4649 maxime
962 4573 1130 4649 idoneam
1149 4590 1187 4650 et
1214 4601 1297 4676 quae
1327 4576 1373 4652 ab
1402 4576 1481 4679 ejus
1508 4575 1625 4649 formb
1653 4575 1929 4649 determinatur.

426 4698 510 4772 Duo
525 4697 599 4772 lobi
617 4697 809 4775 efformant
823 4695 1014 4804 junctione
1029 4696 1172 4776 sulcum
1190 4725 1300 4804 quem
1320 4698 1588 4776 observavimus
1600 4711 1637 4771 et
1650 4697 1715 4799 qui
1730 4700 1932 4772 necessario
