4244 5850
901 546 1031 647 (93)

273 714 398 788 Facies
413 714 579 814 superior
593 713 670 787 sire
691 726 839 788 externa
859 711 985 810 (cccc,
992 713 1071 814 fig.
1089 717 1125 788 1.
1143 717 1221 789 tab.
1234 718 1411 793 XVIII
1419 719 1499 818 bis)
1515 721 1953 815 extenditurmraaam·

223 836 292 913 sub
315 835 491 915 musculis
519 834 756 910 annularibus
782 851 820 911 et
843 834 888 908 ab
918 837 962 908 iis
986 852 1174 938 separatur
1200 837 1272 913 levi
1299 853 1409 913 strato
1435 841 1516 915 telae
1545 843 1726 918 cellularis
2021 853 2023 857 ’

222 958 355 1033 densae.
381 960 444 1031 Est
469 958 598 1056 polita,
617 957 765 1058 praedita
790 957 887 1031 fibris
908 957 1232 1059 longitudiualibus
1253 963 1410 1036 maxime
1427 963 1626 1039 visibilibus
1645 992 1727 1067 quae
1760 978 1857 1054 Fitro.
1924 966 1928 977 ’

223 1078 396 1155 videntur
417 1080 456 1151 in
480 1077 631 1178 singulis
648 1077 792 1151 annulis
814 1080 1032 1178 interrumpi
1055 1084 1212 1179 vestigiis
1228 1085 1302 1156 sire
1317 1085 1610 1183 impressionibus
1625 1115 1728 1163 mua

224 1199 393 1277 culorum
425 1199 657 1273 annularium
682 1199 992 1292 transversalium‚
1021 1200 1140 1298 (ddd,
1159 1205 1238 1303 fig.
1265 1209 1300 1276 1.
1327 1209 1404 1279 tab.
1435 1209 1605 1281 XVIII
1627 1211 1724 1311 bis).

225 1322 282 1396 Ad
309 1321 455 1396 dorsum
485 1321 563 1395 haec
585 1322 695 1394 facies
714 1322 906 1394 instruitur
933 1323 1247 1398 intersectionibus
1272 1326 1392 1400 minus
1418 1328 1612 1422 distinctis,
1642 1356 1727 1430 quae

136 1510 138 1521 .
224 1469 271 1520 ex
290 1469 335 1518 eo
356 1444 526 1518 oriuntur
543 1442 672 1542 quod
663 1444 932 1516 mtersectioncs
955 1442 1034 1516 telae
1057 1442 1237 1519 cellularis
1256 1446 1411 1522 densatae
1435 1453 1506 1523 sint
1528 1451 1684 1525 latiores

274 1566 398 1640 Facies
418 1565 619 1639 inferior
593 1590 670 1640 srve
690 1567 852 1677 interna7
880 1565 964 1685 (ee,
979 1565 1057 1664 fig.
1083 1568 1120 1636 2.
1145 1567 1223 1638 aab.
1248 1570 1423 1642 XVIII
1436 1573 1507 1644 bia
1517 1573 1601 1670 )est
1624 1574 1728 1648 lavi-

220 1700 307 1789 gata
330 1701 368 1761 et
389 1685 597 1761 immediate
610 1676 772 1758 obducta
799 1620 1006 1760 membrbna
1030 1685 1293 1762 submusculari
1315 1716 1400 1790 quae
1422 1693 1620 1767 medium
1610 1720 1729 1768 mser-

224 1811 331 1884 tionis
343 1809 657 1946 diaphragmatum
673 1806 825 1909 praebet,
835 1807 849 1905 (
851 1808 922 1909 fff
919 1863 934 1896 ,
946 1811 1038 1882 eoed
1054 1811 1131 1882 tab.
1145 1824 1182 1882 et
1181 1812 1257 1911 fig
1267 1811 1419 1908 )Quum
1429 1813 1507 1887 hacc
1519 1815 1726 1889 membrana

224 1930 332 2006 facile
348 1933 505 2030 separari
527 1932 653 2031 possit,
677 1929 821 2001 facies
811 1942 954 2002 interna
977 1931 1112 2028 optime
1136 1933 1364 2031 perspicitur.
1408 1932 1497 2035 Ejus
1518 1934 1615 2008 fibrae
1638 1949 1727 2010 tunc

125 2100 131 2107 -
223 2053 329 2132 valde
348 2068 436 2128 sunt
457 2053 652 2144 distinctae,
680 2051 960 2151 longitudinales
982 2068 1019 2124 et
1040 2053 1173 2125 similes
1199 2054 1373 2127 musculis
1393 2054 1502 2128 faciei
1528 2070 1723 2129 externae.

275 2172 433 2251 Musculi
449 2176 538 2247 recti
561 2171 716 2246 dorsales
733 2174 1022 2246 communicant:
1047 2162 1087 2243 10
1114 2173 1276 2271 margine
1296 2175 1465 2246 anteriori
1482 2201 1566 2248 cum
1584 2176 1728 2250 annulis
1745 2197 1912 2253 natationes.

226 2297 371 2398 capitis,
386 2299 428 2367 20
443 2298 605 2395 margine
621 2296 807 2394 posteriori
820 2321 905 2369 cum
922 2296 1101 2394 spinctere
1118 2295 1195 2386 ani,
1216 2296 1256 2367 30
1272 2295 1435 2394 margine
1450 2295 1589 2370 laterali
1607 2312 1706 2371 recto
1715 2353 1726 2391 ,

224 2444 311 2494 cum
332 2417 499 2492 musculo
524 2431 622 2490 recto
647 2416 800 2494 ventrali
823 2414 986 2516 ejusdem
1010 2414 1148 2506 lateris,
1179 2441 1295 2514 aquo
1317 2429 1504 2514 separatur
1525 2416 1621 2490 lined
1645 2419 1728 2493 telae

226 2540 406 2616 cellrdaris
424 2540 601 2632 densatae,
627 2540 840 2613 efformante
863 2540 1032 2638 exiguam
1056 2549 1287 2612 curvaturam
1307 2537 1353 2609 ad
1377 2536 1536 2636 singulos
1553 2539 1725 2631 annulos,

226 2665 266 2757 40
283 2665 447 2763 margine
458 2662 597 2735 laterali
608 2663 750 2734 sinistro
765 2686 849 2734 cum
868 2659 1032 2734 musculo
1049 2671 1146 2731 recto
1159 2655 1286 2730 dorsali
1298 2655 1443 2758 ejudem
1463 2657 1600 2751 lateris,
1620 2685 1638 2731 a
1654 2685 1727 2759 quo

227 2798 439 2886 segregatur
460 2782 556 2856 liued
578 2783 745 2857 mediant
771 2782 901 2855 dorsali
925 2781 1015 2879 (ab)
1033 2779 1277 2853 cellulositatis
1301 2780 1543 2871 tenuissimae,
1571 2780 1611 2854 5⁰
1635 2781 1728 2854 secie

225 2905 373 2978 externa
396 2931 481 2979 cum
506 2905 678 2978 musculis
701 2903 937 2978 annularibus
958 2899 1254 2975 transversalibus
1271 2914 1310 2972 et
1330 2900 1508 3000 obliquis3
1531 2901 1613 2976 leve
1634 2916 1728 2975 stra-

227 3037 305 3098 tum
330 3024 411 3098 telae
441 3021 622 3098 cellularis
645 3024 800 3098 densatae
825 3022 919 3123 jacet
943 3025 1038 3096 inter
1061 3022 1127 3094 hoa
1154 3021 1352 3114 musculos,
1385 3023 1428 3096 60
1453 3022 1611 3122 denique
1634 3023 1727 3095 facie

226 3145 369 3219 interna
391 3170 476 3221 cum
500 3145 616 3218 canali
632 3144 829 3219 intestinali
851 3159 888 3217 et
904 3143 983 3244 ejus
1000 3142 1258 3243 appendicibus
1274 3170 1293 3216 a
1316 3169 1388 3243 quo
1404 3158 1591 3305 separatur
1609 3168 1727 3217 mem-

224 3264 336 3342 brana
360 3266 640 3343 submusculari.

273 3387 403 3481 Quum
427 3386 513 3462 Ova
528 3389 623 3462 banc
645 3386 891 3461 membranam
908 3397 1148 3487 procurrunt,
1167 3385 1326 3460 musculi
1347 3385 1626 3487 longitudinales
1642 3412 1727 3487 pos

224 3522 312 3584 saint
337 3533 444 3610 agere
464 3512 503 3582 in
523 3510 585 3583 illa
612 3534 759 3612 corpora
783 3509 916 3609 quibus
942 3507 1149 3583 immediate
1172 3521 1394 3609 tanguntur,
1418 3523 1456 3583 et
1482 3509 1558 3608 ipsa
1579 3507 1727 3608 propel—

224 3631 299 3708 lere
321 3647 425 3707 motu
448 3639 647 3711 successivo
670 3658 796 3710 versus
816 3635 879 3707 ani
905 3631 1189 3733 receptaculum.

273 3750 358 3829 Mox
380 3779 509 3830 eorum
532 3769 652 3831 motois
672 3753 973 3830 examinabimus.
1757 3755 1836 3808 Uau-

665 3923 701 3994 b.
752 3921 930 3995 Musculi
961 3921 1054 3993 recti
1084 3916 1285 3992 ventrales.

274 4062 323 4151 Hi
344 4065 502 4140 musculi
525 4064 775 4139 extenduntur
799 4063 1001 4137 secundum
1025 4088 1156 4162 corpus
1179 4088 1199 4133 a
1230 4059 1347 4159 capite
1375 4082 1491 4156 usque
1517 4056 1563 4130 ad
1591 4081 1724 4147 anum,
1755 4070 1868 4127 Patrio.

227 4187 436 4288 occupando
454 4201 594 4287 partem
611 4185 810 4262 ventralem
828 4198 865 4258 et
877 4209 952 4257 sese
963 4182 1156 4282 paululum
1172 4178 1218 4256 ab
1234 4194 1392 4281 utroque
1407 4179 1521 4251 latere
1533 4173 1729 4278 rejiciendo

224 4320 373 4410 utcum
396 4305 593 4381 dorsalibus
618 4304 888 4407 conjungantur
917 4304 1072 4402 (ach,
1087 4303 1165 4404 fig.
1189 4307 1225 4376 2.
1251 4303 1329 4375 tob.
1352 4301 1525 4375 XVIII
1538 4341 1562 4353 -
1577 4295 1728 4395 XIX.)

272 4426 410 4500 Eorum
429 4426 545 4498 forma
569 4428 652 4498 satis
674 4440 730 4499 est
746 4424 954 4525 irregularis
976 4426 1141 4523 quamvis
1163 4423 1230 4496 sibi
1253 4435 1437 4496 constans:
1459 4419 1615 4518 elongati
1636 4431 1722 4491 sunt
1755 4433 1863 4487 Forma.

225 4549 263 4622 iu
284 4549 443 4648 speciem
463 4547 628 4646 quadrati
648 4546 753 4649 cujus
777 4571 895 4620 unum
918 4546 1013 4622 latus
1033 4548 1140 4621 variis
1162 4542 1415 4619 inflexionibus
1436 4555 1474 4614 et
1488 4541 1626 4613 sinibus
1652 4540 1727 4613 dis·
1812 4559 1813 4562 ’

205 4722 209 4729 -
224 4671 466 4773 tingueretur.
483 4670 620 4744 Eorum
636 4667 774 4770 junctio
789 4666 899 4768 (vide
918 4668 1095 4770 eoed.flg.
1115 4680 1154 4741 et
1175 4665 1276 4764 tab.)
1295 4661 1443 4740 exhibet
1459 4662 1541 4734 satis
1560 4675 1726 4736 accurate
