4244 5850
923 517 1054 619 (15)

245 701 410 765 auctores
425 685 628 761 Lumbricis
644 685 733 758 duas
748 709 918 784 pororum
936 686 1045 758 series
1062 684 1288 778 tribuerunt,
1305 710 1371 786 per
1381 711 1472 786 quos
1487 689 1549 760 air
1561 702 1746 792 penetrat,

245 814 383 912 quique
403 811 443 882 in
471 809 573 882 dorso
598 807 794 881 lateraliter
819 805 958 907 jacent:
983 805 1044 877 alii
1066 830 1172 898 vero,
1202 834 1314 883 unam
1340 809 1592 883 tantummodo
1616 811 1747 887 seriem

243 931 380 1031 pariter
390 933 429 1002 in
450 928 571 1021 dorso,
589 928 652 1001 sed
671 929 710 1000 in
725 927 806 1028 ejus
822 926 941 1001 medio
957 928 1062 1000 sitam
1079 943 1355 1028 perspexerunt.
1378 930 1601 1004 Sententiam
1612 931 1746 1027 horum¹

243 1051 412 1130 lubenter
435 1077 585 1150 sequor,
612 1052 697 1149 quia
718 1074 823 1148 poros
844 1047 1009 1123 laterales
1036 1048 1160 1123 videre
1184 1050 1275 1123 mihi
1303 1077 1376 1124 non
1400 1052 1562 1151 contigit.
1603 1051 1746 1152 Singuli

244 1173 372 1248 annuli
394 1172 561 1246 instructi
584 1184 670 1244 sunt
692 1184 851 1269 quatuor
875 1183 1034 1244 setarum
1059 1172 1228 1269 paribus,
1260 1198 1333 1245 non
1362 1172 1653 1264 articulatarum,
1683 1154 1746 1272 seq

242 1310 439 1371 retrorsum
457 1292 792 1393 progredientium
811 1293 1003 1365 efformant
1019 1306 1101 1366 octo
1119 1295 1226 1366 series
1241 1292 1533 1393 longitudinales.
1555 1293 1640 1366 Haec
1659 1307 1746 1367 sunt

241 1440 376 1516 organa
396 1415 665 1512 locomotionis3
693 1413 788 1487 infra
818 1438 949 1511 corpus
972 1414 1070 1485 etin
1095 1411 1311 1511 quibusdam
1335 1411 1422 1485 locis
1444 1411 1653 1488 observatur
1677 1441 1744 1514 par
1797 1452 1801 1461 1

241 1537 485 1611 mamillarum
516 1535 800 1625 albescentium,
832 1558 915 1633 quae
945 1531 1114 1631 aperturi
1147 1545 1347 1608 transverso
1379 1547 1417 1606 et
1454 1533 1600 1633 obliquo
1636 1535 1744 1609 modo

241 1657 485 1758 perforantur.
509 1655 687 1731 Animalia
709 1654 771 1728 iila
792 1678 867 1726 non
890 1652 976 1725 alios
998 1677 1142 1744 sensus,
1163 1677 1273 1751 quam
1293 1668 1443 1753 gustum
1459 1668 1495 1727 et
1519 1668 1657 1728 tactum
1674 1655 1744 1728 ha-

241 1778 327 1854 bere
357 1779 549 1873 videntur.¹

290 1898 378 1973 Haec
398 1912 485 1972 sunt
504 1923 635 1997 organa
656 1909 821 1988 externa,
848 1920 930 1995 quae
947 1896 1071 1967 citasse
1093 1919 1194 1968 nunc
1214 1910 1268 1968 sat
1290 1909 1361 1988 est,
1379 1898 1464 1996 quia
1487 1896 1532 1970 de
1552 1898 1609 1970 his
1629 1900 1742 1999 magis

239 2018 441 2121 specialiter
460 2019 557 2091 infra
574 2021 613 2091 in
636 2020 753 2116 capite
771 2015 1004 2116 subsequenti
1026 2015 1128 2089 nobis
1149 2016 1218 2088 erit
1235 2016 1430 2116 agendum.
1452 2016 1560 2091 Nunc
1580 2032 1740 2093 transea-

239 2167 322 2216 mus
348 2140 393 2213 ad
417 2138 496 2242 ejus
522 2139 666 2215 vivendi
689 2164 839 2213 morem.
1732 2226 1736 2235 Ι

286 2244 520 2353 Lumbricus,
548 2275 590 2334 ut
605 2274 734 2335 notum
757 2273 827 2353 est,
850 2259 889 2332 in
906 2258 1001 2332 terri
1022 2256 1174 2356 humidi
1196 2270 1233 2331 et
1258 2259 1388 2357 pingui
1411 2259 1522 2333 vitam
1545 2260 1630 2359 agit.
1659 2259 1737 2334 Hoc
1756 2271 1911 2329 Habitario.

241 2406 433 2455 commune
455 2379 565 2453 habet
589 2407 674 2454 cum
690 2379 815 2453 multis
835 2378 1063 2454 annelidibus
1084 2393 1121 2451 et
1144 2370 1345 2480 vermibus,
1367 2382 1431 2478 qui
1448 2382 1605 2480 aquatici
1625 2381 1740 2480 pleri-

239 2528 311 2603 que
330 2515 440 2595 sunt;
465 2501 629 2600 quaedam
651 2504 786 2600 species
802 2501 841 2572 in
862 2501 970 2572 maris
991 2525 1099 2572 arena
1122 2500 1280 2599 degunt,
1305 2499 1368 2574 ubi
1393 2500 1460 2574 sibi
1476 2501 1651 2574 foramina
1671 2528 1739 2605 exj

239 2637 387 2716 cavant,
414 2624 561 2695 omnino
584 2622 714 2695 similia
735 2620 994 2713 foraminibus,
1011 2647 1092 2721 quae
1108 2621 1234 2695 effodit
1246 2621 1464 2696 Lumbricus
1486 2621 1657 2720 vulgaris.
1680 2624 1739 2697 En
1768 2684 1770 2721 j

235 2742 456 2821 habitatione
482 2767 618 2816 nornen
644 2745 679 2816 ei
699 2742 895 2815 Lambrici
924 2745 1112 2815 terrestris
1141 2744 1254 2817 venit.
1726 2823 1730 2831 ⁴

283 2866 526 2939 Aristoteles
544 2888 631 2939 eum
655 2861 804 2937 vocabat
824 2863 1057 2937 Intestinum
1076 2876 1196 2936 terre.
1221 2863 1357 2936 Omnes
1372 2863 1437 2937 soli
1456 2865 1646 2965 qualitates
1667 2865 1736 2966 ipsi
1760 2872 1893 2930 Nomina.

235 3009 310 3072 non
324 2983 567 3058 conveniunt:
584 2981 702 3057 solum
717 2980 879 3072 aridum,
896 3006 1107 3073 arenosum,
1123 2984 1278 3075 siecum,
1290 2983 1577 3082 ferruginosum,
1594 2999 1631 3059 et
1649 2987 1736 3084 qui-

234 3103 318 3193 djem
345 3105 527 3195 ericeum,
553 3105 672 3203 ipsum
701 3127 775 3175 non
801 3099 983 3174 delectant
995 3129 1007 3195 3
1042 3100 1211 3176 lubenter
1242 3102 1331 3175 latet
1354 3104 1394 3175 in
1420 3103 1494 3176 solo
1518 3130 1604 3177 cum
1636 3091 1735 3199 certa

235 3227 437 3327 quantitate
463 3224 570 3300 humi
591 3225 725 3316 mixto,
752 3246 798 3295 ex
821 3219 1072 3320 decompositis
1094 3220 1189 3294 foliis
1210 3223 1407 3322 ramisque,
1434 3221 1504 3295 etc.
1532 3204 1732 3297 efformato'.

232 3345 358 3439 Quam
378 3343 425 3418 ob
447 3370 593 3419 causam
611 3345 651 3418 in
668 3342 781 3416 hortis
800 3341 1030 3440 frequentius
1051 3339 1215 3414 habitant
1234 3342 1308 3416 vias
1330 3340 1516 3417 arboribus
1537 3342 1734 3451 adumbra7

115 3458 122 3466 ’
232 3465 462 3558 uaticinia
482 3476 709 3560 stagnorum,
733 3461 902 3552 laeuum,
928 3473 998 3534 etc.
1021 3462 1141 3534 Etiam
1158 3464 1288 3538 vivunt
1311 3463 1407 3535 inter
1427 3465 1634 3562 pavimenta
1651 3460 1735 3565 pla-

231 3598 376 3660 tearum
397 3585 645 3682 itinerumque
660 3609 735 3656 non
757 3582 969 3682 frequenter
992 3584 1172 3658 tritorum.
1192 3583 1402 3659 Occurrunt
1417 3587 1526 3658 etiam
1542 3586 1635 3659 eirca
1656 3587 1734 3661 fimi
1812 3603 1816 3617 '

233 3730 400 3808 aggerem
424 3703 614 3804 probatum
639 3705 738 3776 enim
757 3711 816 3776 est
834 3701 1047 3775 substantias
1066 3703 1237 3777 animales
1256 3704 1476 3804 putrefactas
1500 3704 1636 3778 abillis
1657 3732 1733 3780 non

233 3827 369 3926 respui.
388 3824 469 3901 Non
488 3823 654 3899 incolunt
671 3822 749 3897 loca
765 3826 952 3922 aquatica:
970 3824 1033 3898 sed
1049 3825 1199 3900 humida
1219 3839 1361 3900 tantum
1380 3839 1418 3900 et
1433 3828 1596 3927 pinguia.
1618 3829 1732 3903 Tem-

232 3971 323 4047 pore
340 3944 514 4020 nebuloso
530 3957 594 4020 aut
609 3945 756 4046 pluvio,
774 3959 894 4020 austro
909 3949 1084 4047 spirante,
1098 3973 1120 4021 e
1140 3947 1377 4022 foraminibus
1393 3962 1613 4048 prorepunt:
1635 3974 1732 4048 prae·

230 4069 354 4142 sertim
362 4064 430 4140 sub
442 4091 644 4166 vesperam,
659 4066 814 4140 durante
825 4069 964 4166 integra
976 4080 1083 4141 nocte
1093 4094 1210 4168 usque
1219 4067 1265 4143 ad
1276 4082 1396 4143 ortum
1407 4068 1500 4142 solis.
1512 4067 1617 4143 Calor
1628 4071 1727 4144 enim
1751 4085 1886 4160 Epion

228 4187 316 4289 ipsis
337 4200 464 4261 nocet:
489 4188 568 4260 ictu
588 4185 669 4259 solis
695 4199 865 4287 pereunt
893 4187 1043 4264 Materie
1070 4215 1234 4283 mucosa,
1264 4214 1350 4290 quae
1371 4190 1573 4265 circumdat
1600 4215 1730 4265 eorum

230 4326 379 4408 eorpus,
401 4306 566 4380 celeriter
591 4319 841 4400 exarescente,
863 4307 903 4382 in
916 4308 1107 4408 superficie
1126 4322 1233 4384 terrae
1255 4309 1321 4383 diu
1340 4312 1477 4387 versari
1494 4335 1569 4383 non
1586 4309 1731 4406 valent,

229 4426 305 4503 sole
326 4427 475 4501 lucente
498 4425 556 4502 vel
576 4431 660 4504 aere
684 4426 813 4500 calido.
1132 4408 1134 4412 ⁵

262 4547 319 4634 *Si
330 4560 428 4625 terra
448 4547 637 4646 effoditur,
659 4574 776 4654 quum
793 4546 851 4625 hae
866 4545 1092 4628 conditiones
1105 4563 1256 4652 possunt
1270 4551 1432 4654 implerI,
1456 4565 1493 4627 et
1508 4550 1727 4628 ermbrieus
1746 4571 1829 4629 acuo
1843 4572 1951 4642 esuris
2024 4582 2026 4584 ·
