4200 5842
948 511 1101 609 (172)

278 684 412 757 borum
432 679 659 777 globulorum
683 700 895 751 evanescere
913 690 977 750 aut
992 675 1207 750 invisibilem
1230 679 1308 750 lieri
1320 678 1467 753 debere:
1481 683 1587 781 quod
1608 710 1637 757 a
1659 685 1807 761 verisi-

278 803 485 877 militudine
510 812 584 874 toto
607 800 693 873 caelo
714 796 870 872 aberrat,
893 797 1087 889 Praetered,
1115 799 1145 869 si
1168 822 1315 898 corpora
1336 799 1395 873 illa
1423 826 1504 899 qum
1530 805 1575 877 in
1600 806 1808 905 sauguine

279 924 554 998 Lumbricorum
578 921 863 1009 observavimus,
883 918 1008 993 reveri
1023 919 1115 989 sacci
1136 932 1222 991 sunt
1238 920 1519 1014 membranacei,
1541 950 1711 1000 necesse
1728 940 1826 1019 est,-

276 1049 443 1145 inquam,
463 1059 505 1117 nt
519 1056 697 1143 punctum
717 1042 937 1114 luminosum
954 1039 1051 1137 quod
1068 1041 1107 1111 in
1127 1039 1247 1112 medio
1268 1040 1413 1115 illorum
1430 1047 1611 1137 occurrit,
1639 1049 1695 1120 sit
1717 1048 1805 1149 glo·-

275 1167 387 1240 bulus
399 1166 577 1239 centralis.
596 1163 682 1254 Sed,
706 1163 761 1235 uti
779 1160 849 1262 jam
865 1161 958 1253 dixi,
975 1160 1066 1233 illud
1086 1174 1265 1259 punctum
1289 1164 1431 1234 nonnisi
1453 1177 1506 1236 est
1519 1165 1656 1239 illusio
1675 1170 1806 1268 optioa

277 1302 315 1361 et
340 1291 379 1359 in
400 1313 523 1360 rerum
546 1298 675 1357 natura
698 1281 905 1355 nullomodo
933 1283 1063 1353 existit.
1088 1280 1276 1370 Tandem,
1299 1282 1338 1353 in
1363 1283 1530 1357 omuibus
1561 1287 1805 1364 animalibus

278 1409 454 1506 sanguine
472 1404 605 1503 frigido
625 1403 797 1502 praeditis,
817 1401 952 1501 globuli
975 1414 1060 1472 stant
1081 1399 1248 1497 elliptici,
1276 1413 1313 1473 et
1334 1427 1444 1475 curva
1469 1428 1601 1478 eorum
1626 1407 1730 1481 disci
1746 1423 1804 1483 est

278 1543 443 1603 constans
459 1542 496 1600 et
516 1540 658 1601 naturae
680 1526 844 1623 cognitae.
867 1519 1139 1610 lnLumbrico,
1160 1521 1294 1617 speeies
1313 1520 1542 1618 globulorum
1561 1540 1661 1599 sunt
1682 1530 1802 1605 varim

278 1652 423 1740 formae,
453 1662 490 1721 et
515 1644 662 1746 quidem
685 1648 792 1720 varias
828 1641 1105 1741 magnitudinis,
1138 1641 1295 1712 sensibili
1321 1644 1427 1716 modo
1450 1647 1737 1744 immutantur,
1760 1664 1801 1727 et
1843 1626 1848 1633 .

276 1795 503 1867 numquam,
533 1767 666 1865 absque
696 1767 801 1838 utin
826 1788 936 1835 unam
962 1763 1166 1859 congeriem
1191 1762 1461 1839 confundantur
1483 1767 1687 1866 junctione
1717 1796 1799 1845 sese

278 1888 486 1962 immediate
503 1899 668 1983 tangunt.
687 1885 774 1956 Indo
793 1896 907 1982 patet,
924 1884 1023 1955 illam
1040 1882 1262 1982 junctionem
1279 1910 1351 1956 uon
1369 1912 1469 1984 posse
1485 1887 1627 1964 babere
1643 1891 1794 1985 locum,

265 2012 309 2083 ¹si
331 2034 454 2083 revera
477 2021 594 2080 essent
617 2032 764 2104 corpora
781 2004 891 2077 solida
911 2018 949 2077 et
968 2004 1146 2077 distincta.
1171 2006 1227 2075 An
1249 2004 1379 2103 aliquis
1395 2009 1582 2082 contendit
1602 2011 1698 2085 illos
1709 2012 1795 2113 glo-

278 2129 383 2203 bulos
400 2128 589 2201 efformare
607 2127 841 2199 substantiam
864 2124 1060 2223 liquidam,
1081 2123 1317 2216 salutantem,
1339 2125 1579 2202 obducentem
1603 2132 1792 2208 nucleum

278 2252 453 2342 solidum,
493 2251 554 2323 illa
587 2249 783 2323 substantia
815 2246 944 2318 natura
972 2247 1037 2316 sud
1070 2244 1218 2316 deberet
1250 2245 1373 2318 baberi
1405 2261 1590 2347 tamquam
1625 2252 1790 2329 fluidum

279 2372 491 2462 aerilorme,
516 2396 591 2444 uno
615 2370 723 2445 verbo
748 2382 930 2464 tamquam
951 2369 1012 2435 aer
1031 2366 1126 2462 ipse3
1149 2364 1229 2455 sed,
1257 2370 1432 2465 sanguine
1454 2372 1605 2443 omniuo
1626 2374 1787 2466 siccato,

280 2492 481 2589 depositum
505 2490 602 2588 quod
623 2491 825 2561 efformavit
844 2499 897 2557 est
918 2484 1117 2568 uniforme,
1138 2485 1215 2556 sine
1231 2485 1307 2559 ullo
1326 2513 1474 2585 corpore
1490 2501 1691 2584 extraneo,
1709 2495 1787 2569 siue

279 2613 438 2707 vestigiis
459 2609 687 2705 globulorum
710 2620 773 2679 aut
792 2606 1029 2679 sacculorum.
1055 2605 1184 2693 Quoad
1209 2631 1295 2680 vero
1314 2608 1359 2680 ad
1377 2609 1619 2685 differentiam
1642 2614 1786 2689 forma-

278 2758 361 2805 rum
380 2730 627 2830 globulorum,
645 2728 789 2828 objiciet
809 2729 956 2799 fortasse
975 2728 1150 2824 quispiam
1162 2727 1317 2820 Insecta,
1340 2730 1528 2804 Mulluscos
1542 2731 1685 2807 babere
1704 2734 1785 2834 glo·

279 2850 383 2925 bulos
408 2850 619 2941 circulares,
654 2849 715 2922 sed
743 2849 936 2948 aliquando
970 2848 1162 2920 admodum
1194 2850 1431 2949 irregulares,
1468 2866 1506 2925 et
1536 2856 1590 2926 sic
1622 2855 1784 2931 formam

278 2973 373 3045 nibil
393 2974 438 3046 ad
462 2998 537 3046 rem
560 2972 748 3064 conferre3
779 2973 849 3045 hoc
872 2972 1018 3071 quidem
1047 2997 1175 3045 rerum
1198 2984 1268 3061 est,
1297 2970 1359 3043 sed
1382 2973 1587 3068 opinionem
1619 2988 1785 3051 nostram

278 3119 352 3166 non
375 3094 551 3184 infirmat,
572 3119 657 3165 nam
679 3107 873 3191 antequam
894 3094 964 3166 dici
986 3094 1095 3192 possit
1112 3093 1265 3165 formam
1284 3091 1511 3191 globulorum
1533 3117 1610 3168 esse
1629 3098 1785 3198 irregu-

278 3212 409 3305 larem,
433 3216 535 3313 prius
556 3214 781 3312 probandum
804 3228 857 3286 est
880 3241 939 3287 eos
961 3213 1085 3288 reverti
1107 3214 1271 3286 existere.

329 3333 537 3431 Coagulatio
556 3337 738 3431 sanguinis
761 3338 883 3406 venosi
902 3336 1053 3407 lnnuani
1073 3333 1228 3431 aliquam
1252 3333 1413 3431 praebere
1438 3348 1556 3433 posset
1574 3335 1782 3436 analogiam

281 3478 365 3525 eum
388 3455 627 3551 plraenomene
648 3454 693 3525 de
713 3481 786 3552 quo
805 3455 1001 3553 loquimur.
1022 3456 1166 3527 Etenim
1185 3457 1329 3551 sanguis
1347 3479 1516 3545 venosus,
1538 3458 1577 3526 in
1593 3456 1780 3555 guttulam

280 3572 462 3664 redactus,
488 3587 526 3645 et
547 3574 771 3672 microscopii
787 3600 854 3672 ope
870 3574 1092 3672 exploratus,
1114 3574 1294 3670 coagulari
1316 3575 1457 3671 incipit:
1477 3575 1597 3646 statim
1619 3576 1780 3673 pelluci-

281 3692 349 3766 dus
371 3692 415 3765 ad
439 3707 553 3791 guttae
585 3695 915 3768 circumferentiam
939 3693 1059 3768 evadit
1095 3707 1133 3766 et
1157 3707 1341 3791 aspectum
1369 3693 1490 3765 induit
1517 3695 1777 3792 granulosum,

281 3813 370 3886 dum
392 3814 551 3885 medium
577 3828 707 3912 guttae,
741 3813 803 3887 ubi
830 3815 984 3885 niaxima
1008 3815 1192 3909 sanguinis
1224 3815 1403 3911 quantitas
1426 3815 1601 3904 occurrit,
1628 3790 1777 3891 exbibet

279 3935 488 4006 innumerae
516 3935 673 4007 maculas
700 3948 763 4007 aut
793 3935 940 4007 cellulas
974 3960 1054 4031 quae
1089 3935 1275 4006 continent
1307 3932 1540 4007 substantiam
1576 3932 1775 4033 liquidam,

280 4052 613 4144 translucidiorem3
642 4054 765 4126 eodem
780 4076 784 4083 ‘
801 4069 979 4152 tempore,
1014 4053 1148 4152 globuli
1181 4053 1284 4127 solidi
1312 4054 1577 4127 contrahuntur
1590 4106 1610 4146 ,-
1635 4054 1776 4131 cellule

281 4171 432 4275 majores
455 4171 636 4261 evadunt,
665 4172 742 4243 alise
767 4185 1004 4263 evanescunt,
1033 4186 1070 4243 et
1089 4198 1190 4265 mox,
1216 4176 1354 4273 integra
1376 4188 1478 4273 gutta
1500 4175 1595 4248 nibil
1621 4174 1776 4275 amplius

280 4294 349 4365 nisi
371 4292 644 4364 ramilicationes
663 4290 848 4361 radiantes.
867 4292 1026 4363 exhibet,
1051 4292 1213 4365 Duraute
1236 4293 1303 4365 hac
1324 4293 1538 4369 cellularum
1557 4298 1774 4386 montione,

281 4428 379 4510 gutta
392 4412 735 4513 apparetgranulosa
748 4438 879 4510 magno
893 4415 1088 4511 praesertim
1101 4413 1391 4487 numerohorum
1398 4415 1697 4514 corpusculorum
1705 4414 1773 4513 (1)

332 4622 370 4692 (ι)
388 4623 452 4682 vit
470 4627 636 4698 Mogeudie,
654 4623 745 4679 Pteria
760 4623 793 4678 de
809 4623 949 4694 Physiol„
976 4635 1042 4679 tom.
1061 4628 1098 4681 11.
1117 4643 1145 4696 p.
1165 4623 1224 4678 234.
