4244 5850
908 496 1037 597 (95)

605 663 648 737 B.
699 665 764 737 De
789 663 985 738 Museulis
1018 664 1117 734 Setis
1144 667 1324 763 propriis.

272 809 319 882 Hi
342 808 500 883 musculi
522 810 749 882 constituunt
769 808 972 883 secundum
986 807 1150 881 ordinem
1168 810 1416 886 musculorum
1432 812 1722 890 Lumhricorum.

221 931 480 1007 Musculisuut
498 931 777 1023 Locomotionis,
800 943 844 1005 ut
855 931 905 1003 ita
927 930 1064 1022 dicam,
1091 934 1263 1029 quoniam
1282 935 1459 1009 actionem
1475 938 1726 1029 transmittunt

223 1053 365 1153 organis
380 1052 479 1125 'huic
507 1051 672 1125 facultati
697 1051 853 1143 idoneis,
890 1079 972 1152 quae
1002 1079 1133 1152 organa
1157 1053 1292 1153 pedum
1322 1084 1474 1131 munere
1502 1059 1723 1161 funguntur.

222 1174 298 1251 Illae
318 1176 433 1274 spinae
455 1188 520 1247 aut
541 1188 644 1266 setae,
669 1172 975 1273 quemadmodum
994 1173 1067 1275 jam
1091 1174 1246 1249 vidimus
1267 1203 1379 1276 quum
1399 1181 1540 1279 egimus
1558 1181 1603 1254 de
1620 1208 1727 1282 orga-

222 1296 280 1367 nis
299 1294 563 1385 locomotionis,
587 1296 743 1367 maxime
766 1308 851 1368 sunt
874 1294 1088 1386 retractiles,
1118 1298 1184 1369 etsi
1205 1301 1245 1370 in
1269 1303 1483 1375 contrariam
1510 1306 1726 1377 sententiam

225 1415 374 1517 quidam
396 1429 562 1490 auctores
586 1414 728 1488 abeant.

275 1535 331 1610 Cl.
359 1537 496 1610 Crevier
514 1535 609 1609 solus
633 1549 703 1628 est,
725 1538 765 1608 ni
783 1535 907 1628 fallor,
931 1537 993 1635 qui
1014 1553 1182 1613 accurate
1199 1541 1263 1614 hos
1281 1544 1462 1618 musculos
1479 1545 1724 1646 descripserit,
1763 1551 1900 1631 stisroriqa
1919 1551 1958 1605 ἰη-

224 1656 331 1757 (vide
352 1657 497 1750 Lepores
521 1655 778 1730 d’Anatomie
796 1666 1009 1755 compotes,
1038 1673 1123 1732 tom.
1143 1662 1180 1733 I.
1197 1689 1237 1758 p.
1261 1664 1369 1762 463.)
1389 1665 1482 1738 Cum
1502 1666 1613 1740 hocce
1635 1696 1726 1742 auc-
1798 1631 1915 1674 susurro.

225 1791 322 1871 tore,
341 1777 535 1853 observabo
547 1778 625 1853 illos
641 1779 823 1853 musculos
839 1807 913 1854 non
930 1781 1023 1854 bene
1041 1786 1213 1882 perspici,
1226 1787 1294 1857 uisi
1311 1812 1427 1883 quum
1445 1789 1594 1874 animal,
1612 1791 1733 1862 intes?

225 1900 310 1974 tiuis
343 1915 381 1974 et
415 1900 493 1973 aliis
522 1904 663 2001 organis
691 1904 923 1978 interioribus
953 1903 1117 2004 rejectis,
1152 1906 1264 1978 instar
1296 1906 1399 2006 digiti
1427 1911 1650 1982 manicarum
1681 1913 1727 1982 sit

225 2025 423 2097 inversum.
447 2023 595 2122 Optime
613 2024 850 2098 animadverti
872 2042 1021 2124 possunt
1042 2050 1158 2122 quum
1182 2027 1275 2098 cutis
1294 2039 1331 2098 et
1346 2027 1504 2100 musculi
1524 2027 1727 2130 adjacentes

226 2143 492 2236 extenduntur,
517 2147 566 2217 ita
583 2159 626 2218 ut
646 2172 755 2245 quam
778 2148 936 2220 maxime
953 2149 1024 2218 sint
1042 2145 1200 2219 distensi.
1227 2147 1560 2247 Tunc'propellunt
1577 2163 1667 2221 setas
1690 2165 1728 2222 et

226 2265 406 2340 musculos
429 2268 472 2337 iis
493 2266 719 2340 adhaerentes
738 2294 783 2340 ex
804 2268 931 2366 vagina
953 2282 989 2339 et
1008 2269 1099 2366 ipsas
1117 2270 1155 2339 in
1172 2283 1365 2367 prospectu
1387 2269 1499 2342 ducit.
1523 2268 1593 2342 Sed
1609 2296 1726 2369 quum

226 2386 475 2461 vehementior
502 2402 555 2458 est
579 2387 768 2478 distensio,
799 2415 873 2461 non
898 2389 1015 2463 solum
1042 2391 1176 2488 spinoe,
1209 2392 1404 2464 sedetiam
1433 2391 1588 2465 musculi
1621 2394 1728 2464 nimis

227 2510 385 2581 exterius
414 2508 702 2606 protruduntur,
746 2523 782 2582 et
815 2510 1008 2610 ligamenta
1042 2526 1243 2612 rumpunt,
1275 2537 1369 2611 saepe
1398 2513 1581 2612 propriam
1625 2539 1728 2586 suam

227 2629 463 2703 substantiam
487 2629 735 2704 convellenda.

276 2729 405 2842 Quum
424 2754 598 2850 praecipui
621 2765 739 2825 motus
755 2752 939 2851 spinarum
958 2753 997 2824 in
1021 2754 1186 2852 ingressu
1202 2767 1239 2825 et
1254 2777 1398 2851 egressu
1417 2766 1623 2843 versentur,
1647 2751 1730 2825 duae

228 2877 363 2972 species
384 2873 632 2946 musculorum
654 2872 811 2946 motibus
832 2874 903 2947 illis
925 2873 1142 2947 idoneorum
1160 2873 1455 2971 distinguuntur:
1485 2878 1524 2944 1⁰
1547 2874 1731 2944 Protrac-

230 3006 324 3067 tores
363 2996 585 3090 spinarum,
629 2996 669 3063 2⁰
705 2995 942 3066 Retractores
971 2996 1180 3089 spinarum.
1227 2993 1392 3092 Utraque
1421 2993 1547 3066 eodem
1576 3018 1731 3065 numero

230 3116 349 3190 existit
375 3142 416 3187 ac
438 3130 597 3188 setarum
624 3114 799 3186 fasciculi.
837 3114 963 3203 Quum
988 3114 1045 3186 lrae
1074 3115 1186 3211 igitur
1219 3114 1392 3208 (numero
1419 3111 1559 3208 medio)
1589 3110 1635 3183 ad
1656 3113 1730 3203 249

230 3234 441 3327 ascendant,
474 3261 650 3309 numerus
674 3235 920 3308 musculorum
944 3233 1096 3333 pedibus
1119 3235 1272 3334 propriis
1296 3244 1349 3304 est
1377 3233 1449 3324 498
1472 3234 1510 3303 in
1535 3230 1731 3304 Lumbrico

228 3357 401 3430 terrestri.
427 3355 497 3428 Sed
513 3368 640 3455 sponte
656 3368 774 3454 patet,
798 3379 903 3427 exeo
924 3355 997 3428 solo
1018 3353 1116 3454 quod
1137 3356 1290 3455 quisque
1311 3351 1468 3427 annulus
1490 3351 1585 3423 nihil
1600 3354 1645 3423 sit
1662 3352 1731 3423 nisi

232 3480 397 3581 repetitio
429 3477 685 3577 praecedentis,
715 3477 781 3549 hos
803 3478 985 3552 musculos
1012 3503 1136 3551 omnes
1161 3501 1235 3549 una
1264 3474 1463 3572 eademque
1490 3475 1628 3545 ratione
1656 3497 1731 3546 esse

232 3600 482 3673 conformatos.
512 3601 628 3698 lgitur
651 3598 712 3670 bic
735 3612 877 3673 tautum
902 3626 1013 3672 unam
1037 3625 1081 3672 es
1100 3598 1171 3670 illis
1192 3598 1276 3670 setis
1295 3595 1600 3686 examinabimus,
1621 3621 1732 3694 quam

233 3720 407 3819 eligemus
435 3745 558 3792 versus
583 3734 601 3812 ᾗ
624 3720 802 3817 corporis,
830 3717 894 3793 ubi
917 3719 1112 3792 admodum
1137 3731 1223 3791 sunt
1249 3716 1421 3807 evolutae,
1451 3730 1488 3788 et
1516 3743 1632 3815 quum
1659 3715 1731 3817 jam

190 3836 199 3845 ⁴
231 3841 342 3915 locuti
365 3840 503 3914 fuimus
520 3839 565 3911 de
588 3840 691 3930 setis,
716 3865 872 3937 quorum
891 3838 1072 3937 dispositio
1089 3836 1264 3936 generalis
1284 3863 1303 3909 a
1327 3835 1556 3935 dispositione
1581 3820 1733 3909 muscu-

232 3960 349 4035 lorum
373 3960 525 4062 pendet,
543 3960 757 4061 positionem
777 3960 952 4034 serierum
977 3957 1296 4056 longitudinalium
1317 3958 1564 4031 musculorum
1590 3957 1733 4029 silentio
1811 3973 1813 3976 ‘

232 4081 507 4181 praeteribimus.
544 4080 663 4181 Hujus
690 4081 743 4153 rei
769 4078 873 4152 causd
899 4079 1058 4149 consistit
1078 4079 1117 4149 in
1138 4077 1298 4177 perfectd
1324 4077 1561 4150 similitudine
1582 4102 1732 4149 muscu-

231 4205 349 4281 lorum
363 4205 538 4276 serierum
557 4204 799 4275 internarum.
817 4203 988 4273 Attamen
1010 4198 1256 4274 observatione
1279 4197 1430 4296 dignum
1448 4211 1502 4270 est
1521 4196 1635 4296 quod,
1658 4221 1733 4295 quo

233 4326 346 4426 magis
371 4351 492 4400 versus
514 4351 623 4396 anum
648 4322 917 4422 progredimur,
938 4346 981 4393 eo
1004 4323 1116 4420 magis
1137 4323 1244 4394 etiarn
1268 4318 1395 4392 annuli
1424 4321 1517 4391 inter
1544 4344 1581 4390 se
1610 4317 1733 4391 colrae-

233 4462 335 4523 reant
357 4461 393 4520 et
413 4472 456 4519 eo
479 4449 592 4546 magis
622 4450 729 4518 etiam
751 4446 875 4545 exigui
898 4445 970 4517 sint
989 4459 1147 4518 setarum
1170 4441 1339 4515 musculi.
1371 4440 1424 4512 Ut
1443 4439 1499 4513 hae
1525 4439 1617 4512 bene
1645 4464 1732 4538 per-

235 4571 431 4673 spiciantur
448 4624 458 4661 ,
476 4632 479 4637 .
494 4568 676 4668 seligenda
710 4579 764 4639 est
797 4568 914 4666 portio
948 4567 1105 4668 corporis
1142 4563 1335 4665 paululum
1371 4587 1479 4661 supra
1501 4558 1730 4653 rClitellum,

234 4688 535 4793 quemadmodum
558 4687 629 4792 jam
652 4688 818 4764 fecimus.
