4244 5850
883 511 1012 614 (81)

189 684 311 759 fronte
333 679 530 781 adspicitur
551 679 647 779 (fig.
666 678 701 773 4.
721 672 800 752 tob.
822 679 910 754 IV.
925 682 960 780 ),
984 681 1145 756 cernitur
1167 679 1328 782 primunr
1350 682 1556 761 intersectio
1577 687 1693 764 verti-

190 804 276 879 eslis
297 803 418 879 ultimi
440 800 568 876 annuli
593 795 716 887 anua,
740 799 799 877 vel
817 803 938 901 potius
955 803 1154 903 <penultimi
1178 805 1317 880 annuli.
1346 807 1536 882 Annulum
1560 809 1692 887 deinde
1710 816 1920 890 Anuutusulti-

188 926 438 1004 a'nimadverto
460 926 525 1025 qui
548 924 693 998 videtur
718 925 922 1024 perforatus
942 951 1017 1001 esse
1037 953 1106 1001 ano
1128 952 1313 1028 quemque
1343 928 1485 1028 appello
1515 933 1693 1005 ultimum
1711 899 1917 959 mussitamus.

189 1050 375 1124 mulum
399 1060 595 1121 externum
615 1047 690 1119 sive
710 1047 922 1117 musculum
944 1050 1011 1119 oni
1032 1049 1236 1120 radicemur.

236 1171 349 1247 Suam
367 1168 469 1242 nobis
490 1167 637 1243 exhibet
654 1168 807 1242 formam
828 1168 1061 1261 circularem,
1074 1167 1218 1264 planam
1231 1168 1277 1240 ad
1292 1169 1584 1246 intersectionem
1605 1197 1690 1246 cum
1727 1185 1835 1242 Forma.

189 1291 327 1365 annulo
345 1290 582 1389 praecedenti,
605 1313 802 1365 convexam
822 1290 868 1363 ad
888 1303 1027 1389 partem
1048 1292 1259 1389 oppositam.
1282 1291 1351 1363 llic
1368 1293 1526 1366 annulus
1545 1294 1691 1370 videtur

188 1437 270 1488 esse¹
285 1412 458 1512 praeditus
480 1413 682 1485 innumeris
705 1409 805 1483 libris
826 1410 970 1484 redistis
991 1425 1027 1483 et
1048 1436 1124 1484 sese
1149 1412 1372 1485 extrinsecus
1392 1414 1689 1509 extendentibus3

189 1534 252 1610 sed
281 1560 397 1634 quum
429 1533 500 1606 illas
528 1532 625 1606 fibrae
658 1533 801 1605 nonnisi
837 1530 905 1605 sub
940 1532 1055 1604 formai
1088 1531 1265 1631 plicarum
1284 1533 1586 1608 ¹transversalium
1614 1561 1690 1610 sese

185 1653 395 1746 ostendant,
419 1652 627 1726 dubitamus
645 1679 693 1725 an
717 1678 791 1725 non
810 1653 975 1725 oriantur
995 1677 1039 1724 ex
1061 1654 1303 1725 contractione
1326 1654 1542 1747 masculari,
1562 1655 1622 1730 vel
1643 1681 1690 1729 ex

188 1775 350 1875 eoquod
372 1774 434 1847 ille
457 1773 632 1865 annulus,
659 1774 772 1846 massi
792 1800 866 1846 non
888 1774 1083 1864 diminuti,
1105 1773 1282 1846 limitibus
1301 1774 1567 1873 angustioribus
1585 1801 1690 1863 coer-

190 1909 325 1975 ceatur.
357 1894 547 1993 Quidquid
573 1894 642 1966 hirc
669 1893 714 1967 de
734 1920 773 1966 re
796 1895 858 1985 sit,
887 1894 947 1965 hio
971 1893 1129 1966 annulus
1149 1894 1194 1966 ad
1217 1894 1356 1992 partem
1379 1920 1481 1968 suam
1508 1900 1690 1970 internam

190 2016 395 2116 regreditur
422 2028 460 2087 et
487 2015 652 2088 efformat
683 2017 838 2113 speciem
869 2016 1031 2089 caritatis
1061 2014 1332 2114 longitudinalis
1362 2018 1399 2088 in
1426 2017 1497 2116 qut
1525 2032 1689 2094 versatur

189 2139 346 2210 ultimus
375 2139 540 2208 annulus
571 2139 752 2215 internus.
776 2136 867 2234 (cd)
899 2136 991 2227 Hic,
1021 2139 1086 2235 qui
1108 2136 1358 2210 tantummodo
1385 2141 1614 2236 componitur
1640 2165 1688 2212 ex
1708 2134 1836 2216 Annulo·
1853 2138 1918 2194 ⁰¹²⁵·

188 2255 393 2357 sphinctere
429 2255 525 2329 fibris
558 2255 816 2350 circularibus,
851 2272 906 2329 est
944 2259 1164 2351 fusiformis,
1201 2252 1397 2332 retrorsum
1427 2261 1613 2359 depressus
1651 2275 1688 2335 et
1707 2216 1914 2263 murinorum.

188 2404 297 2457 anum
327 2379 545 2470 circumdat,
568 2380 762 2477 ipsumque
787 2380 860 2452 suis
880 2379 1185 2453 contractionibus
1206 2381 1322 2480 aperit
1349 2381 1407 2456 vel
1429 2381 1576 2455 claudit.
1606 2383 1687 2456 Du-

187 2514 288 2574 rante
312 2502 435 2599 quiete
465 2500 523 2575 vel
544 2514 625 2597 post
646 2514 818 2591 mortem,
846 2501 977 2573 cavitas
1007 2502 1067 2571 ani
1091 2514 1145 2572 est
1169 2499 1471 2600 longitudinalis,
1492 2502 1686 2600 paululum
1705 2514 1885 2573 Caritasani.

122 2674 129 2685 .
188 2621 402 2713 luciformis,
426 2646 541 2718 quum
555 2646 645 2692 anus
660 2622 838 2718 aperitur,
853 2633 911 2711 ut,
935 2619 1036 2692 verbi
1058 2621 1171 2719 gratiis
1179 2675 1190 2712 ,
1210 2636 1438 2694 excrementa
1458 2621 1685 2722 rejiciantur,
1749 2663 1751 2668 ·

187 2743 362 2842 spincter,
388 2766 611 2838 compressus
633 2739 791 2837 pondere
812 2741 941 2814 harum
970 2742 1251 2816 substantiarum
1275 2743 1468 2834 dilatatur,
1491 2744 1601 2816 latera
1626 2747 1687 2818 in-

187 2876 288 2938 terna
313 2862 467 2953 cedunt,
498 2876 536 2933 et
561 2875 757 2934 retrorsum
782 2865 1018 2960 rejiciuntur,
1045 2864 1109 2935 tali
1138 2863 1243 2936 modo
1264 2877 1413 2935 externe
1435 2865 1684 2964 progreditur,

186 2983 234 3058 ita
256 2998 301 3058 ut
321 2986 491 3084 exiguam
514 2984 726 3057 exstantiam
751 2996 848 3055 trans
871 2982 1041 3055 ultimum
1065 2982 1243 3055 annulum
1275 2995 1468 3055 externum
1502 2983 1684 3077 efformet,

186 3103 336 3209 ejusque
359 3103 456 3176 librae
478 3104 609 3201 partim
633 3115 859 3177 evanescant.
884 3103 967 3173 Mox
990 3116 1158 3200 apertura
1180 3104 1239 3173 ani
1262 3102 1545 3178 transversaliter
1564 3104 1686 3181 evadit

185 3216 323 3327 inajor,
356 3222 419 3294 sed
453 3222 527 3295 fusi
557 3222 673 3294 forma
702 3237 936 3315 remanente,
972 3204 1102 3296 deinde
1134 3225 1173 3296 in
1206 3223 1472 3322 longitudinem
1510 3225 1682 3324 augescit.

184 3345 364 3439 Tandem,
382 3369 450 3416 ano
469 3344 618 3415 omnino
636 3357 774 3440 aperto,
798 3347 955 3444 spincter
972 3345 1140 3418 tumescit
1157 3345 1207 3414 ita
1228 3356 1270 3416 ut
1287 3342 1388 3415 nulla
1405 3343 1492 3416 fibra
1509 3344 1685 3445 nullaque

184 3466 361 3569 pbcatura
391 3477 583 3563 appareat,
611 3467 724 3563 magis
754 3470 975 3540 extrinsecus
1002 3465 1231 3566 progreditur
1257 3491 1438 3563 suumque
1465 3466 1684 3542 diametrum

183 3584 456 3663 transversalem
479 3586 635 3656 maxime
655 3600 776 3684 auget.
798 3587 871 3659 Illis
892 3587 1048 3659 motibus
1062 3587 1183 3659 locum
1203 3583 1419 3657 habentibus
1436 3586 1545 3659 simul
1562 3613 1684 3662 annu-

113 3698 121 3711 ’
183 3704 240 3784 lus
256 3707 407 3782 ultimus
422 3719 594 3780 externus
610 3707 745 3805 pariter
759 3709 927 3779 tumescit
942 3709 1167 3781 extrinsecus
1182 3704 1460 3804 progrediendo,
1477 3705 1681 3804 plicaturae,

183 3829 315 3933 quibus
335 3828 414 3930 ejus
434 3830 631 3929 superliciis
655 3828 848 3904 obducitur
869 3842 1106 3919 evanescunt,
1134 3826 1259 3899 saltem
1289 3824 1334 3898 ad
1355 3838 1493 3924 partem
1522 3824 1601 3927 ejus
1622 3829 1683 3899 in-

185 3966 324 4027 ternam
355 3950 413 4026 vel
441 3951 486 4023 ad
514 3950 592 4052 ejus
622 3978 706 4023 cum
735 3952 938 4051 sphinctere
967 3949 1268 4023 intersectionem.
1303 3947 1432 4018 Exitus
1462 3947 1682 4029 annulorum

184 4073 244 4152 ani
267 4072 492 4161 maximam,
526 4085 569 4143 ut
605 4086 728 4170 patet,
762 4071 898 4170 praebet
928 4071 1127 4169 analogiam
1164 4094 1248 4140 cum
1283 4080 1386 4140 motu
1410 4063 1601 4139 labiorum.
1638 4067 1681 4139 ln

184 4200 341 4293 utroque
363 4217 447 4264 casu
462 4203 582 4290 partes
603 4192 822 4267 evolvuntur
846 4196 884 4265 in
907 4218 981 4264 sese
1003 4193 1096 4290 ipsas
1115 4204 1152 4262 et
1171 4189 1393 4263 extrinsecus
1414 4184 1627 4284 subrepunt.

231 4314 269 4387 si
292 4313 413 4386 oculos
438 4312 670 4414 conjiciamus
689 4315 728 4385 iu
752 4341 863 4388 anum
880 4311 1186 4413 quemadmodum
1209 4308 1411 4384 delineatur
1417 4308 1495 4406 fig.
1516 4310 1557 4399 7,
1576 4309 1619 4399 8,
1640 4307 1678 4381 9.

185 4434 262 4509 tad.
283 4435 375 4521 IV,
402 4433 631 4511 observamus
649 4438 809 4534 primum
834 4460 966 4508 conum
988 4446 1198 4508 truncatum
1216 4432 1452 4530 compositum
1475 4454 1519 4501 ex
1536 4429 1680 4502 annulis

188 4556 250 4645 bc,
282 4556 327 4631 bc
356 4569 435 4630 ano'
452 4554 708 4657 superioribus.
738 4558 779 4629 ln
800 4557 874 4640 bb,
891 4555 967 4654 fig.
992 4559 1012 4634 7
1039 4581 1120 4655 quae
1144 4552 1293 4627 exhibet
1312 4553 1441 4636 faciem
1461 4548 1678 4645 ventralem,

1246 4698 1284 4745 ιι
