<?xml version="1.0" encoding="UTF-8"?>
<!DOCTYPE html PUBLIC "-//W3C//DTD XHTML 1.0 Transitional//EN"
    "http://www.w3.org/TR/xhtml1/DTD/xhtml1-transitional.dtd">
<html xmlns="http://www.w3.org/1999/xhtml" xml:lang="en" lang="en">
 <head>
  <title>
</title>
<meta http-equiv="Content-Type" content="text/html;charset=utf-8" />
  <meta name='ocr-system' content='tesseract 3.04.00' />
  <meta name='ocr-capabilities' content='ocr_page ocr_carea ocr_par ocr_line ocrx_word'/>
</head>
<body>
  <div class='ocr_page' id='page_1' title='image "./delumbriciterre00morrgoog_0113.png"; bbox 0 0 4244 5850; ppageno 0'>
   <div class='ocr_carea' id='block_1_1' title="bbox 922 503 1061 601">
    <p class='ocr_par' dir='ltr' id='par_1_1' title="bbox 922 503 1061 601">
     <span class='ocr_line' id='line_1_1' title="bbox 922 503 1061 601; baseline -0.007 0"><span class='ocrx_word' id='word_1_1' title='bbox 922 503 1061 601; x_wconf 71' lang='grc'>(89)</span> 
     </span>
    </p>
   </div>
   <div class='ocr_carea' id='block_1_2' title="bbox 100 669 1836 3420">
    <p class='ocr_par' dir='ltr' id='par_1_2' title="bbox 100 669 1836 3420">
     <span class='ocr_line' id='line_1_2' title="bbox 233 669 1740 777; baseline 0.007 -33"><span class='ocrx_word' id='word_1_2' title='bbox 233 696 318 774; x_wconf 78' lang='lat' dir='ltr'><strong>qam</strong></span> <span class='ocrx_word' id='word_1_3' title='bbox 340 682 495 771; x_wconf 86' lang='lat' dir='ltr'><strong>occupat</strong></span> <span class='ocrx_word' id='word_1_4' title='bbox 523 682 641 746; x_wconf 87' lang='lat' dir='ltr'><strong>totum</strong></span> <span class='ocrx_word' id='word_1_5' title='bbox 663 669 822 770; x_wconf 87' lang='lat' dir='ltr'><strong>spatium</strong></span> <span class='ocrx_word' id='word_1_6' title='bbox 853 695 927 769; x_wconf 90' lang='lat' dir='ltr'><strong>quo</strong></span> <span class='ocrx_word' id='word_1_7' title='bbox 958 669 1087 744; x_wconf 85' lang='lat' dir='ltr'><strong>annuli</strong></span> <span class='ocrx_word' id='word_1_8' title='bbox 1111 684 1336 771; x_wconf 75' lang='lat' dir='ltr'><strong>separantur.</strong></span> <span class='ocrx_word' id='word_1_9' title='bbox 1363 670 1421 747; x_wconf 86' lang='lat' dir='ltr'><strong>Ab</strong></span> <span class='ocrx_word' id='word_1_10' title='bbox 1444 687 1601 777; x_wconf 88' lang='lat' dir='ltr'><strong>utroque</strong></span> <span class='ocrx_word' id='word_1_11' title='bbox 1626 675 1740 755; x_wconf 89' lang='lat' dir='ltr'><strong>latere</strong></span> 
     </span>
     <span class='ocr_line' id='line_1_3' title="bbox 233 790 1740 894; baseline 0.004 -25"><span class='ocrx_word' id='word_1_12' title='bbox 233 806 444 894; x_wconf 81' lang='lat' dir='ltr'><strong>congruunt</strong></span> <span class='ocrx_word' id='word_1_13' title='bbox 470 817 555 866; x_wconf 90' lang='lat' dir='ltr'><strong>oum</strong></span> <span class='ocrx_word' id='word_1_14' title='bbox 582 791 727 866; x_wconf 90' lang='lat' dir='ltr'><strong>annulis</strong></span> <span class='ocrx_word' id='word_1_15' title='bbox 748 819 769 865; x_wconf 90' lang='lat' dir='ltr'><strong>a</strong></span> <span class='ocrx_word' id='word_1_16' title='bbox 795 790 929 891; x_wconf 86' lang='lat' dir='ltr'><strong>quibus</strong></span> <span class='ocrx_word' id='word_1_17' title='bbox 954 805 1077 867; x_wconf 90' lang='lat' dir='ltr'><strong>tamen</strong></span> <span class='ocrx_word' id='word_1_18' title='bbox 1097 807 1333 894; x_wconf 78' lang='lat' dir='ltr'>segregantur</span> <span class='ocrx_word' id='word_1_19' title='bbox 1360 821 1428 894; x_wconf 88' lang='lat' dir='ltr'><strong>ope</strong></span> <span class='ocrx_word' id='word_1_20' title='bbox 1454 796 1537 871; x_wconf 83' lang='lat' dir='ltr'><strong>telae</strong></span> <span class='ocrx_word' id='word_1_21' title='bbox 1559 797 1740 875; x_wconf 74' lang='lat' dir='ltr'><strong>cellulas-ia</strong></span> 
     </span>
     <span class='ocr_line' id='line_1_4' title="bbox 233 911 1740 1012; baseline 0.007 -28"><span class='ocrx_word' id='word_1_22' title='bbox 233 913 369 997; x_wconf 65' lang='lat' dir='ltr'><strong>dew-</strong></span> <span class='ocrx_word' id='word_1_23' title='bbox 413 913 500 988; x_wconf 82' lang='lat' dir='ltr'><strong>Haec</strong></span> <span class='ocrx_word' id='word_1_24' title='bbox 539 912 757 987; x_wconf 88' lang='lat' dir='ltr'><strong>cellulositas</strong></span> <span class='ocrx_word' id='word_1_25' title='bbox 790 911 870 986; x_wconf 89' lang='lat' dir='ltr'><strong>illos</strong></span> <span class='ocrx_word' id='word_1_26' title='bbox 900 925 1043 1011; x_wconf 87' lang='lat' dir='ltr'><strong>separat</strong></span> <span class='ocrx_word' id='word_1_27' title='bbox 1071 939 1209 1012; x_wconf 86' lang='lat' dir='ltr'><strong>supra,</strong></span> <span class='ocrx_word' id='word_1_28' title='bbox 1244 941 1266 986; x_wconf 89' lang='lat' dir='ltr'><strong>a</strong></span> <span class='ocrx_word' id='word_1_29' title='bbox 1299 915 1473 989; x_wconf 84' lang='lat' dir='ltr'><strong>musculis</strong></span> <span class='ocrx_word' id='word_1_30' title='bbox 1503 918 1740 996; x_wconf 75' lang='lat' dir='ltr'>annularibus</span> 
     </span>
     <span class='ocr_line' id='line_1_5' title="bbox 231 1032 1696 1134; baseline 0.006 -28"><span class='ocrx_word' id='word_1_31' title='bbox 231 1033 389 1134; x_wconf 76' lang='lat' dir='ltr'>obliquis</span> <span class='ocrx_word' id='word_1_32' title='bbox 409 1046 449 1107; x_wconf 90' lang='lat' dir='ltr'><strong>et</strong></span> <span class='ocrx_word' id='word_1_33' title='bbox 468 1033 584 1126; x_wconf 79' lang='lat' dir='ltr'><strong>infra,</strong></span> <span class='ocrx_word' id='word_1_34' title='bbox 606 1059 625 1105; x_wconf 95' lang='lat' dir='ltr'><strong>a</strong></span> <span class='ocrx_word' id='word_1_35' title='bbox 650 1033 824 1108; x_wconf 86' lang='lat' dir='ltr'><strong>musculis</strong></span> <span class='ocrx_word' id='word_1_36' title='bbox 842 1032 1167 1132; x_wconf 86' lang='lat' dir='ltr'><strong>longitudinalibus</strong></span> <span class='ocrx_word' id='word_1_37' title='bbox 1186 1034 1408 1109; x_wconf 76' lang='lat' dir='ltr'><strong>neutralibus</strong></span> <span class='ocrx_word' id='word_1_38' title='bbox 1430 1051 1468 1110; x_wconf 92' lang='lat' dir='ltr'><strong>et</strong></span> <span class='ocrx_word' id='word_1_39' title='bbox 1487 1037 1696 1115; x_wconf 80' lang='lat' dir='ltr'><strong>dorsalibus.</strong></span> 
     </span>
     <span class='ocr_line' id='line_1_6' title="bbox 100 1136 1836 1259; baseline 0.002 -29"><span class='ocrx_word' id='word_1_40' title='bbox 100 1136 103 1140; x_wconf 81' lang='lat'><strong>.</strong></span> <span class='ocrx_word' id='word_1_41' title='bbox 282 1157 402 1239; x_wconf 76' lang='lat' dir='ltr'><strong>Motus</strong></span> <span class='ocrx_word' id='word_1_42' title='bbox 429 1155 564 1259; x_wconf 80' lang='lat' dir='ltr'><strong>horum</strong></span> <span class='ocrx_word' id='word_1_43' title='bbox 585 1138 835 1230; x_wconf 84' lang='lat' dir='ltr'><strong>musculorum</strong></span> <span class='ocrx_word' id='word_1_44' title='bbox 859 1156 1092 1254; x_wconf 90' lang='lat' dir='ltr'><strong>insequente</strong></span> <span class='ocrx_word' id='word_1_45' title='bbox 1115 1157 1233 1256; x_wconf 88' lang='lat' dir='ltr'><strong>capite</strong></span> <span class='ocrx_word' id='word_1_46' title='bbox 1258 1159 1560 1234; x_wconf 77' lang='lat' dir='ltr'><strong>examinabimus.</strong></span> <span class='ocrx_word' id='word_1_47' title='bbox 1756 1188 1836 1244; x_wconf 71' lang='lat' dir='ltr'><strong>Usus.</strong></span> 
     </span>
     <span class='ocr_line' id='line_1_7' title="bbox 281 1274 1740 1380; baseline 0.006 -26"><span class='ocrx_word' id='word_1_48' title='bbox 281 1279 382 1354; x_wconf 82' lang='lat' dir='ltr'><strong>Inter</strong></span> <span class='ocrx_word' id='word_1_49' title='bbox 413 1277 596 1352; x_wconf 71' lang='lat' dir='ltr'><strong>muscidos</strong></span> <span class='ocrx_word' id='word_1_50' title='bbox 634 1276 827 1351; x_wconf 88' lang='lat' dir='ltr'><strong>annulares</strong></span> <span class='ocrx_word' id='word_1_51' title='bbox 861 1274 1113 1351; x_wconf 85' lang='lat' dir='ltr'><strong>transversales</strong></span> <span class='ocrx_word' id='word_1_52' title='bbox 1147 1290 1186 1349; x_wconf 89' lang='lat' dir='ltr'><strong>et</strong></span> <span class='ocrx_word' id='word_1_53' title='bbox 1216 1279 1398 1353; x_wconf 89' lang='lat' dir='ltr'><strong>musculos</strong></span> <span class='ocrx_word' id='word_1_54' title='bbox 1426 1307 1515 1380; x_wconf 93' lang='lat' dir='ltr'><strong>quos</strong></span> <span class='ocrx_word' id='word_1_55' title='bbox 1545 1283 1740 1363; x_wconf 79' lang='lat' dir='ltr'><strong>annulares</strong></span> 
     </span>
     <span class='ocr_line' id='line_1_8' title="bbox 232 1397 1738 1500; baseline 0.005 -23"><span class='ocrx_word' id='word_1_56' title='bbox 232 1397 398 1500; x_wconf 83' lang='lat' dir='ltr'><strong>obliquos</strong></span> <span class='ocrx_word' id='word_1_57' title='bbox 408 1398 569 1500; x_wconf 87' lang='lat' dir='ltr'><strong>appello,</strong></span> <span class='ocrx_word' id='word_1_58' title='bbox 592 1424 782 1473; x_wconf 88' lang='lat' dir='ltr'><strong>occurrere</strong></span> <span class='ocrx_word' id='word_1_59' title='bbox 800 1397 891 1471; x_wconf 88' lang='lat' dir='ltr'><strong>mihi</strong></span> <span class='ocrx_word' id='word_1_60' title='bbox 912 1397 977 1473; x_wconf 83' lang='lat' dir='ltr'><strong>visi</strong></span> <span class='ocrx_word' id='word_1_61' title='bbox 999 1411 1084 1470; x_wconf 91' lang='lat' dir='ltr'><strong>sunt</strong></span> <span class='ocrx_word' id='word_1_62' title='bbox 1104 1399 1257 1471; x_wconf 84' lang='lat' dir='ltr'><strong>Ductus</strong></span> <span class='ocrx_word' id='word_1_63' title='bbox 1276 1402 1552 1498; x_wconf 79' lang='lat' dir='ltr'><strong>Respirotorii:</strong></span> <span class='ocrx_word' id='word_1_64' title='bbox 1568 1407 1630 1482; x_wconf 88' lang='lat' dir='ltr'><strong>sed</strong></span> <span class='ocrx_word' id='word_1_65' title='bbox 1652 1435 1738 1485; x_wconf 86' lang='lat' dir='ltr'><strong>cum</strong></span> 
     </span>
     <span class='ocr_line' id='line_1_9' title="bbox 232 1517 1740 1627; baseline 0.004 -29"><span class='ocrx_word' id='word_1_66' title='bbox 232 1521 323 1599; x_wconf 77' lang='lat' dir='ltr'><strong>atos</strong></span> <span class='ocrx_word' id='word_1_67' title='bbox 342 1523 487 1595; x_wconf 67' lang='lat' dir='ltr'><strong>nonnis</strong></span> <span class='ocrx_word' id='word_1_68' title='bbox 508 1523 548 1594; x_wconf 89' lang='lat' dir='ltr'><strong>in</strong></span> <span class='ocrx_word' id='word_1_69' title='bbox 565 1520 708 1595; x_wconf 88' lang='lat' dir='ltr'><strong>duobus</strong></span> <span class='ocrx_word' id='word_1_70' title='bbox 723 1518 921 1594; x_wconf 83' lang='lat' dir='ltr'><strong>individuis</strong></span> <span class='ocrx_word' id='word_1_71' title='bbox 939 1520 1185 1619; x_wconf 84' lang='lat' dir='ltr'><strong>perspexerim</strong></span> <span class='ocrx_word' id='word_1_72' title='bbox 1207 1521 1403 1597; x_wconf 86' lang='lat' dir='ltr'><strong>admodum</strong></span> <span class='ocrx_word' id='word_1_73' title='bbox 1421 1517 1562 1627; x_wconf 88' lang='lat' dir='ltr'><strong>magnis</strong></span> <span class='ocrx_word' id='word_1_74' title='bbox 1581 1543 1618 1601; x_wconf 91' lang='lat' dir='ltr'><strong>et</strong></span> <span class='ocrx_word' id='word_1_75' title='bbox 1641 1557 1740 1604; x_wconf 90' lang='lat' dir='ltr'><strong>cras-</strong></span> 
     </span>
     <span class='ocr_line' id='line_1_10' title="bbox 233 1641 1740 1741; baseline 0.005 -22"><span class='ocrx_word' id='word_1_76' title='bbox 233 1644 300 1738; x_wconf 62' lang='lat'><strong>8⁸2,</strong></span> <span class='ocrx_word' id='word_1_77' title='bbox 314 1643 410 1719; x_wconf 85' lang='lat' dir='ltr'><strong>banc</strong></span> <span class='ocrx_word' id='word_1_78' title='bbox 424 1667 500 1717; x_wconf 88' lang='lat' dir='ltr'><strong>esse</strong></span> <span class='ocrx_word' id='word_1_79' title='bbox 516 1668 640 1720; x_wconf 80' lang='lat' dir='ltr'><strong>veram</strong></span> <span class='ocrx_word' id='word_1_80' title='bbox 655 1642 977 1716; x_wconf 75' lang='lat' dir='ltr'><strong>conformationem</strong></span> <span class='ocrx_word' id='word_1_81' title='bbox 994 1667 1068 1713; x_wconf 92' lang='lat' dir='ltr'><strong>non</strong></span> <span class='ocrx_word' id='word_1_82' title='bbox 1084 1641 1349 1718; x_wconf 87' lang='lat' dir='ltr'><strong>affirma-verim.</strong></span> <span class='ocrx_word' id='word_1_83' title='bbox 1375 1645 1576 1741; x_wconf 75' lang='lat' dir='ltr'><strong>Craterum,</strong></span> <span class='ocrx_word' id='word_1_84' title='bbox 1592 1650 1740 1727; x_wconf 89' lang='lat' dir='ltr'><strong>nullum</strong></span> 
     </span>
     <span class='ocr_line' id='line_1_11' title="bbox 123 1763 1740 1866; baseline 0.004 -25"><span class='ocrx_word' id='word_1_85' title='bbox 123 1846 127 1858; x_wconf 59' lang='grc'><strong>,</strong></span> <span class='ocrx_word' id='word_1_86' title='bbox 233 1763 388 1847; x_wconf 74' lang='lat' dir='ltr'><strong>dubium</strong></span> <span class='ocrx_word' id='word_1_87' title='bbox 406 1765 542 1840; x_wconf 87' lang='lat' dir='ltr'><strong>moveri</strong></span> <span class='ocrx_word' id='word_1_88' title='bbox 559 1777 676 1865; x_wconf 90' lang='lat' dir='ltr'><strong>potest</strong></span> <span class='ocrx_word' id='word_1_89' title='bbox 694 1765 787 1864; x_wconf 91' lang='lat' dir='ltr'><strong>quin.</strong></span> <span class='ocrx_word' id='word_1_90' title='bbox 801 1764 979 1863; x_wconf 78' lang='lat' dir='ltr'><strong>exiguitas</strong></span> <span class='ocrx_word' id='word_1_91' title='bbox 997 1789 1168 1862; x_wconf 87' lang='lat' dir='ltr'><strong>pororum</strong></span> <span class='ocrx_word' id='word_1_92' title='bbox 1187 1767 1289 1838; x_wconf 82' lang='lat' dir='ltr'><strong>actds</strong></span> <span class='ocrx_word' id='word_1_93' title='bbox 1300 1769 1542 1866; x_wconf 83' lang='lat' dir='ltr'><strong>respirationis</strong></span> <span class='ocrx_word' id='word_1_94' title='bbox 1558 1783 1596 1843; x_wconf 87' lang='lat' dir='ltr'><strong>et</strong></span> <span class='ocrx_word' id='word_1_95' title='bbox 1610 1795 1740 1849; x_wconf 88' lang='lat' dir='ltr'><strong>eorum</strong></span> 
     </span>
     <span class='ocr_line' id='line_1_12' title="bbox 233 1883 1739 1991; baseline 0.003 -28"><span class='ocrx_word' id='word_1_96' title='bbox 233 1886 434 1978; x_wconf 85' lang='lat' dir='ltr'><strong>ductuum,</strong></span> <span class='ocrx_word' id='word_1_97' title='bbox 453 1911 596 1959; x_wconf 85' lang='lat' dir='ltr'><strong>necnon</strong></span> <span class='ocrx_word' id='word_1_98' title='bbox 620 1883 779 1959; x_wconf 84' lang='lat' dir='ltr'><strong>tenebrae</strong></span> <span class='ocrx_word' id='word_1_99' title='bbox 800 1884 1204 1984; x_wconf 87' lang='lat' dir='ltr'><strong>quibuspositioatque</strong></span> <span class='ocrx_word' id='word_1_100' title='bbox 1222 1887 1349 1960; x_wconf 88' lang='lat' dir='ltr'><strong>relatio</strong></span> <span class='ocrx_word' id='word_1_101' title='bbox 1372 1888 1504 1963; x_wconf 85' lang='lat' dir='ltr'><strong>borum</strong></span> <span class='ocrx_word' id='word_1_102' title='bbox 1520 1917 1739 1991; x_wconf 84' lang='lat' dir='ltr'><strong>organorum</strong></span> 
     </span>
     <span class='ocr_line' id='line_1_13' title="bbox 233 2006 1743 2106; baseline 0.001 -18"><span class='ocrx_word' id='word_1_103' title='bbox 233 2009 487 2101; x_wconf 79' lang='lat' dir='ltr'><strong>involvuntur,</strong></span> <span class='ocrx_word' id='word_1_104' title='bbox 510 2009 612 2081; x_wconf 89' lang='lat' dir='ltr'><strong>hunc</strong></span> <span class='ocrx_word' id='word_1_105' title='bbox 628 2007 766 2081; x_wconf 91' lang='lat' dir='ltr'><strong>nodum</strong></span> <span class='ocrx_word' id='word_1_106' title='bbox 783 2032 856 2080; x_wconf 90' lang='lat' dir='ltr'><strong>non</strong></span> <span class='ocrx_word' id='word_1_107' title='bbox 874 2007 973 2079; x_wconf 85' lang='lat' dir='ltr'><strong>sacili</strong></span> <span class='ocrx_word' id='word_1_108' title='bbox 993 2006 1292 2106; x_wconf 87' lang='lat' dir='ltr'><strong>negotiosolvere</strong></span> <span class='ocrx_word' id='word_1_109' title='bbox 1312 2011 1443 2083; x_wconf 89' lang='lat' dir='ltr'><strong>sinant.</strong></span> <span class='ocrx_word' id='word_1_110' title='bbox 1464 2012 1503 2084; x_wconf 84' lang='lat' dir='ltr'><strong>Si</strong></span> <span class='ocrx_word' id='word_1_111' title='bbox 1520 2038 1576 2085; x_wconf 91' lang='lat' dir='ltr'><strong>res</strong></span> <span class='ocrx_word' id='word_1_112' title='bbox 1595 2015 1646 2088; x_wconf 87' lang='lat' dir='ltr'><strong>ita</strong></span> <span class='ocrx_word' id='word_1_113' title='bbox 1661 2039 1743 2090; x_wconf 83' lang='lat' dir='ltr'><strong>sess·</strong></span> 
     </span>
     <span class='ocr_line' id='line_1_14' title="bbox 232 2128 1741 2228; baseline 0.005 -25"><span class='ocrx_word' id='word_1_114' title='bbox 232 2129 400 2224; x_wconf 82' lang='lat' dir='ltr'><strong>baberet,</strong></span> <span class='ocrx_word' id='word_1_115' title='bbox 419 2131 497 2202; x_wconf 91' lang='lat' dir='ltr'><strong>fieri</strong></span> <span class='ocrx_word' id='word_1_116' title='bbox 514 2141 703 2228; x_wconf 86' lang='lat' dir='ltr'><strong>possetut‚</strong></span> <span class='ocrx_word' id='word_1_117' title='bbox 716 2153 802 2202; x_wconf 90' lang='lat' dir='ltr'><strong>cnm</strong></span> <span class='ocrx_word' id='word_1_118' title='bbox 814 2128 970 2203; x_wconf 90' lang='lat' dir='ltr'><strong>musculi</strong></span> <span class='ocrx_word' id='word_1_119' title='bbox 987 2128 1255 2221; x_wconf 85' lang='lat' dir='ltr'><strong>transversales,</strong></span> <span class='ocrx_word' id='word_1_120' title='bbox 1269 2133 1512 2204; x_wconf 87' lang='lat' dir='ltr'><strong>contractione</strong></span> <span class='ocrx_word' id='word_1_121' title='bbox 1528 2131 1611 2226; x_wconf 71' lang='lat' dir='ltr'><strong>sud,</strong></span> <span class='ocrx_word' id='word_1_122' title='bbox 1628 2133 1741 2211; x_wconf 83' lang='lat' dir='ltr'><strong>telam</strong></span> 
     </span>
     <span class='ocr_line' id='line_1_15' title="bbox 233 2249 1741 2355; baseline 0.003 -29"><span class='ocrx_word' id='word_1_123' title='bbox 233 2254 325 2355; x_wconf 81' lang='lat' dir='ltr'><strong>ipsos</strong></span> <span class='ocrx_word' id='word_1_124' title='bbox 336 2251 383 2327; x_wconf 88' lang='lat' dir='ltr'><strong>ab</strong></span> <span class='ocrx_word' id='word_1_125' title='bbox 398 2250 542 2325; x_wconf 90' lang='lat' dir='ltr'><strong>annulis</strong></span> <span class='ocrx_word' id='word_1_126' title='bbox 554 2249 994 2350; x_wconf 85' lang='lat' dir='ltr'><strong>separantem‚laxarent‚</strong></span> <span class='ocrx_word' id='word_1_127' title='bbox 1014 2250 1147 2325; x_wconf 87' lang='lat' dir='ltr'><strong>duetus</strong></span> <span class='ocrx_word' id='word_1_128' title='bbox 1164 2251 1260 2323; x_wconf 70' lang='lat' dir='ltr'><strong>aerei</strong></span> <span class='ocrx_word' id='word_1_129' title='bbox 1277 2252 1522 2350; x_wconf 85' lang='lat' dir='ltr'><strong>aperirentur;</strong></span> <span class='ocrx_word' id='word_1_130' title='bbox 1540 2267 1579 2327; x_wconf 92' lang='lat' dir='ltr'><strong>et</strong></span> <span class='ocrx_word' id='word_1_131' title='bbox 1594 2269 1741 2350; x_wconf 74' lang='lat' dir='ltr'><strong>contra,</strong></span> 
     </span>
     <span class='ocr_line' id='line_1_16' title="bbox 233 2370 1740 2477; baseline 0.001 -25"><span class='ocrx_word' id='word_1_132' title='bbox 233 2397 316 2453; x_wconf 78' lang='lat' dir='ltr'><strong>cum</strong></span> <span class='ocrx_word' id='word_1_133' title='bbox 332 2373 564 2449; x_wconf 83' lang='lat' dir='ltr'><strong>altitudinem</strong></span> <span class='ocrx_word' id='word_1_134' title='bbox 579 2371 821 2475; x_wconf 86' lang='lat' dir='ltr'><strong>disjunctione</strong></span> <span class='ocrx_word' id='word_1_135' title='bbox 835 2370 1006 2445; x_wconf 88' lang='lat' dir='ltr'><strong>fibrarum</strong></span> <span class='ocrx_word' id='word_1_136' title='bbox 1019 2372 1261 2471; x_wconf 90' lang='lat' dir='ltr'><strong>adaugerent‚</strong></span> <span class='ocrx_word' id='word_1_137' title='bbox 1277 2371 1388 2446; x_wconf 90' lang='lat' dir='ltr'><strong>iidem</strong></span> <span class='ocrx_word' id='word_1_138' title='bbox 1399 2373 1531 2471; x_wconf 77' lang='lat' dir='ltr'><strong>ductus</strong></span> <span class='ocrx_word' id='word_1_139' title='bbox 1543 2380 1740 2477; x_wconf 80' lang='lat' dir='ltr'><strong>compressi</strong></span> 
     </span>
     <span class='ocr_line' id='line_1_17' title="bbox 191 2491 1739 2597; baseline 0.006 -32"><span class='ocrx_word' id='word_1_140' title='bbox 191 2546 194 2550; x_wconf 82' lang='lat'>-</span> <span class='ocrx_word' id='word_1_141' title='bbox 234 2494 625 2595; x_wconf 37' lang='lat' dir='ltr'><strong>danderentuquam,</strong></span> <span class='ocrx_word' id='word_1_142' title='bbox 647 2495 681 2577; x_wconf 89' lang='lat' dir='ltr'><strong>si</strong></span> <span class='ocrx_word' id='word_1_143' title='bbox 706 2491 926 2566; x_wconf 87' lang='lat' dir='ltr'><strong>attendimus</strong></span> <span class='ocrx_word' id='word_1_144' title='bbox 947 2491 1049 2564; x_wconf 92' lang='lat' dir='ltr'><strong>binos</strong></span> <span class='ocrx_word' id='word_1_145' title='bbox 1074 2492 1181 2566; x_wconf 90' lang='lat' dir='ltr'><strong>hosce</strong></span> <span class='ocrx_word' id='word_1_146' title='bbox 1201 2507 1337 2586; x_wconf 87' lang='lat' dir='ltr'><strong>motus,</strong></span> <span class='ocrx_word' id='word_1_147' title='bbox 1363 2493 1423 2569; x_wconf 88' lang='lat' dir='ltr'><strong>vel</strong></span> <span class='ocrx_word' id='word_1_148' title='bbox 1443 2498 1552 2570; x_wconf 89' lang='lat' dir='ltr'><strong>etiarn</strong></span> <span class='ocrx_word' id='word_1_149' title='bbox 1576 2500 1739 2597; x_wconf 87' lang='lat' dir='ltr'><strong>priorem</strong></span> 
     </span>
     <span class='ocr_line' id='line_1_18' title="bbox 232 2611 1738 2721; baseline 0.004 -33"><span class='ocrx_word' id='word_1_150' title='bbox 232 2617 366 2709; x_wconf 60' lang='lat' dir='ltr'><strong>saluum</strong></span> <span class='ocrx_word' id='word_1_151' title='bbox 390 2617 614 2716; x_wconf 85' lang='lat' dir='ltr'><strong>progressiva</strong></span> <span class='ocrx_word' id='word_1_152' title='bbox 637 2612 743 2686; x_wconf 89' lang='lat' dir='ltr'><strong>modo</strong></span> <span class='ocrx_word' id='word_1_153' title='bbox 763 2613 862 2704; x_wconf 84' lang='lat' dir='ltr'><strong>fieri,</strong></span> <span class='ocrx_word' id='word_1_154' title='bbox 883 2638 957 2685; x_wconf 91' lang='lat' dir='ltr'><strong>non</strong></span> <span class='ocrx_word' id='word_1_155' title='bbox 974 2611 1119 2689; x_wconf 82' lang='lat' dir='ltr'><strong>difficile</strong></span> <span class='ocrx_word' id='word_1_156' title='bbox 1138 2628 1230 2688; x_wconf 88' lang='lat' dir='ltr'><strong>esset</strong></span> <span class='ocrx_word' id='word_1_157' title='bbox 1246 2614 1428 2715; x_wconf 76' lang='lat' dir='ltr'><strong>explicare</strong></span> <span class='ocrx_word' id='word_1_158' title='bbox 1446 2631 1586 2691; x_wconf 91' lang='lat' dir='ltr'><strong>motum</strong></span> <span class='ocrx_word' id='word_1_159' title='bbox 1603 2630 1641 2692; x_wconf 91' lang='lat' dir='ltr'><strong>et</strong></span> <span class='ocrx_word' id='word_1_160' title='bbox 1658 2618 1738 2721; x_wconf 83' lang='lat' dir='ltr'><strong>eja·</strong></span> 
     </span>
     <span class='ocr_line' id='line_1_19' title="bbox 233 2731 1737 2836; baseline 0 -20"><span class='ocrx_word' id='word_1_161' title='bbox 233 2738 451 2817; x_wconf 69' lang='lat' dir='ltr'><strong>metationem</strong></span> <span class='ocrx_word' id='word_1_162' title='bbox 461 2737 612 2835; x_wconf 89' lang='lat' dir='ltr'><strong>liquoris</strong></span> <span class='ocrx_word' id='word_1_163' title='bbox 626 2737 781 2827; x_wconf 89' lang='lat' dir='ltr'><strong>mucosi,</strong></span> <span class='ocrx_word' id='word_1_164' title='bbox 799 2731 904 2835; x_wconf 88' lang='lat' dir='ltr'><strong>cujus</strong></span> <span class='ocrx_word' id='word_1_165' title='bbox 916 2736 1050 2808; x_wconf 81' lang='lat' dir='ltr'><strong>orificio</strong></span> <span class='ocrx_word' id='word_1_166' title='bbox 1065 2736 1268 2811; x_wconf 88' lang='lat' dir='ltr'><strong>secundum</strong></span> <span class='ocrx_word' id='word_1_167' title='bbox 1284 2737 1458 2836; x_wconf 88' lang='lat' dir='ltr'><strong>quosdam</strong></span> <span class='ocrx_word' id='word_1_168' title='bbox 1473 2753 1638 2814; x_wconf 83' lang='lat' dir='ltr'><strong>auctores</strong></span> <span class='ocrx_word' id='word_1_169' title='bbox 1649 2756 1737 2816; x_wconf 87' lang='lat' dir='ltr'><strong>sunt</strong></span> 
     </span>
     <span class='ocr_line' id='line_1_20' title="bbox 231 2855 1734 2959; baseline 0.007 -28"><span class='ocrx_word' id='word_1_170' title='bbox 231 2860 328 2959; x_wconf 87' lang='lat' dir='ltr'><strong>pori:</strong></span> <span class='ocrx_word' id='word_1_171' title='bbox 352 2859 509 2949; x_wconf 87' lang='lat' dir='ltr'><strong>etenim,</strong></span> <span class='ocrx_word' id='word_1_172' title='bbox 543 2856 652 2930; x_wconf 87' lang='lat' dir='ltr'><strong>simul</strong></span> <span class='ocrx_word' id='word_1_173' title='bbox 677 2882 719 2929; x_wconf 89' lang='lat' dir='ltr'><strong>ac</strong></span> <span class='ocrx_word' id='word_1_174' title='bbox 743 2855 862 2955; x_wconf 86' lang='lat' dir='ltr'><strong>aliqua</strong></span> <span class='ocrx_word' id='word_1_175' title='bbox 885 2883 967 2957; x_wconf 90' lang='lat' dir='ltr'><strong>pars</strong></span> <span class='ocrx_word' id='word_1_176' title='bbox 989 2857 1101 2959; x_wconf 87' lang='lat' dir='ltr'><strong>hujus</strong></span> <span class='ocrx_word' id='word_1_177' title='bbox 1128 2860 1230 2932; x_wconf 87' lang='lat' dir='ltr'><strong>muci</strong></span> <span class='ocrx_word' id='word_1_178' title='bbox 1248 2859 1470 2957; x_wconf 69' lang='lat' dir='ltr'><strong>penetrasset</strong></span> <span class='ocrx_word' id='word_1_179' title='bbox 1496 2861 1537 2933; x_wconf 92' lang='lat' dir='ltr'><strong>in</strong></span> <span class='ocrx_word' id='word_1_180' title='bbox 1560 2861 1734 2958; x_wconf 83' lang='lat' dir='ltr'><strong>ductum,</strong></span> 
     </span>
     <span class='ocr_line' id='line_1_21' title="bbox 232 2977 1734 3080; baseline 0.003 -26"><span class='ocrx_word' id='word_1_181' title='bbox 232 2979 293 3054; x_wconf 90' lang='lat' dir='ltr'><strong>hic</strong></span> <span class='ocrx_word' id='word_1_182' title='bbox 307 2979 353 3053; x_wconf 89' lang='lat' dir='ltr'><strong>ad</strong></span> <span class='ocrx_word' id='word_1_183' title='bbox 367 2978 479 3052; x_wconf 91' lang='lat' dir='ltr'><strong>basim</strong></span> <span class='ocrx_word' id='word_1_184' title='bbox 491 3004 714 3077; x_wconf 90' lang='lat' dir='ltr'><strong>compressus</strong></span> <span class='ocrx_word' id='word_1_185' title='bbox 730 2977 902 3052; x_wconf 88' lang='lat' dir='ltr'><strong>musculis</strong></span> <span class='ocrx_word' id='word_1_186' title='bbox 914 3005 1020 3078; x_wconf 87' lang='lat' dir='ltr'><strong>agere</strong></span> <span class='ocrx_word' id='word_1_187' title='bbox 1036 2977 1308 3078; x_wconf 87' lang='lat' dir='ltr'><strong>incipientibus,</strong></span> <span class='ocrx_word' id='word_1_188' title='bbox 1321 2979 1540 3079; x_wconf 88' lang='lat' dir='ltr'><strong>propelleret</strong></span> <span class='ocrx_word' id='word_1_189' title='bbox 1554 2980 1734 3080; x_wconf 87' lang='lat' dir='ltr'><strong>liquorem</strong></span> 
     </span>
     <span class='ocr_line' id='line_1_22' title="bbox 232 3096 1734 3204; baseline -0.001 -27"><span class='ocrx_word' id='word_1_190' title='bbox 232 3096 278 3177; x_wconf 68' lang='lat' dir='ltr'><strong>ul</strong></span> <span class='ocrx_word' id='word_1_191' title='bbox 293 3113 434 3201; x_wconf 83' lang='lat' dir='ltr'><strong>partem</strong></span> <span class='ocrx_word' id='word_1_192' title='bbox 447 3124 548 3173; x_wconf 90' lang='lat' dir='ltr'><strong>suam</strong></span> <span class='ocrx_word' id='word_1_193' title='bbox 566 3099 811 3199; x_wconf 77' lang='lat' dir='ltr'><strong>superiorem,</strong></span> <span class='ocrx_word' id='word_1_194' title='bbox 829 3098 946 3192; x_wconf 85' lang='lat' dir='ltr'><strong>unde,</strong></span> <span class='ocrx_word' id='word_1_195' title='bbox 965 3101 1106 3173; x_wconf 82' lang='lat' dir='ltr'><strong>exitum</strong></span> <span class='ocrx_word' id='word_1_196' title='bbox 1118 3099 1320 3198; x_wconf 88' lang='lat' dir='ltr'><strong>reperiens,</strong></span> <span class='ocrx_word' id='word_1_197' title='bbox 1338 3098 1531 3199; x_wconf 83' lang='lat' dir='ltr'><strong>ejiceretur</strong></span> <span class='ocrx_word' id='word_1_198' title='bbox 1546 3126 1590 3174; x_wconf 92' lang='lat' dir='ltr'><strong>eo</strong></span> <span class='ocrx_word' id='word_1_199' title='bbox 1606 3100 1734 3204; x_wconf 89' lang='lat' dir='ltr'><strong>majori</strong></span> 
     </span>
     <span class='ocr_line' id='line_1_23' title="bbox 230 3221 1801 3323; baseline 0.001 -25"><span class='ocrx_word' id='word_1_200' title='bbox 230 3223 423 3317; x_wconf 76' lang='lat' dir='ltr'><strong>violentid‚</strong></span> <span class='ocrx_word' id='word_1_201' title='bbox 454 3249 527 3323; x_wconf 90' lang='lat' dir='ltr'><strong>quo</strong></span> <span class='ocrx_word' id='word_1_202' title='bbox 559 3223 709 3322; x_wconf 82' lang='lat' dir='ltr'><strong>liquoris</strong></span> <span class='ocrx_word' id='word_1_203' title='bbox 738 3223 919 3322; x_wconf 88' lang='lat' dir='ltr'><strong>quantitas</strong></span> <span class='ocrx_word' id='word_1_204' title='bbox 951 3236 990 3296; x_wconf 91' lang='lat' dir='ltr'><strong>et</strong></span> <span class='ocrx_word' id='word_1_205' title='bbox 1017 3221 1289 3322; x_wconf 80' lang='lat' dir='ltr'><strong>compressionis</strong></span> <span class='ocrx_word' id='word_1_206' title='bbox 1317 3225 1465 3322; x_wconf 88' lang='lat' dir='ltr'><strong>energia</strong></span> <span class='ocrx_word' id='word_1_207' title='bbox 1503 3221 1740 3300; x_wconf 85' lang='lat' dir='ltr'><strong>notabiliores</strong></span> <span class='ocrx_word' id='word_1_208' title='bbox 1797 3273 1801 3283; x_wconf 90' lang='lat'>·</span> 
     </span>
     <span class='ocr_line' id='line_1_24' title="bbox 231 3344 394 3420; baseline 0 -4"><span class='ocrx_word' id='word_1_209' title='bbox 231 3344 394 3420; x_wconf 80' lang='lat' dir='ltr'><strong>fuissent.</strong></span> 
     </span>
    </p>
   </div>
   <div class='ocr_carea' id='block_1_3' title="bbox 539 3531 1413 3631">
    <p class='ocr_par' dir='ltr' id='par_1_3' title="bbox 539 3531 1413 3631">
     <span class='ocr_line' id='line_1_25' title="bbox 539 3531 1413 3631; baseline 0.003 -30"><span class='ocrx_word' id='word_1_210' title='bbox 539 3534 593 3603; x_wconf 75' lang='lat'><strong>2⁰.</strong></span> <span class='ocrx_word' id='word_1_211' title='bbox 636 3532 701 3602; x_wconf 88' lang='lat' dir='ltr'><strong>De</strong></span> <span class='ocrx_word' id='word_1_212' title='bbox 732 3531 916 3602; x_wconf 80' lang='lat' dir='ltr'><strong>musculis</strong></span> <span class='ocrx_word' id='word_1_213' title='bbox 946 3534 1198 3606; x_wconf 80' lang='lat' dir='ltr'><strong>annularibus</strong></span> <span class='ocrx_word' id='word_1_214' title='bbox 1233 3533 1413 3631; x_wconf 83' lang='lat' dir='ltr'><strong>obliquis.</strong></span> 
     </span>
    </p>
   </div>
   <div class='ocr_carea' id='block_1_4' title="bbox 223 3727 1886 4558">
    <p class='ocr_par' dir='ltr' id='par_1_4' title="bbox 223 3727 1886 4558">
     <span class='ocr_line' id='line_1_26' title="bbox 302 3727 1886 3827; baseline 0.001 -24"><span class='ocrx_word' id='word_1_215' title='bbox 302 3727 459 3803; x_wconf 88' lang='lat' dir='ltr'><strong>Nomine</strong></span> <span class='ocrx_word' id='word_1_216' title='bbox 493 3729 748 3821; x_wconf 77' lang='lat' dir='ltr'><strong>musculorum</strong></span> <span class='ocrx_word' id='word_1_217' title='bbox 785 3729 1030 3800; x_wconf 84' lang='lat' dir='ltr'><strong>annulorium</strong></span> <span class='ocrx_word' id='word_1_218' title='bbox 1065 3729 1303 3826; x_wconf 80' lang='lat' dir='ltr'><strong>obliquorum</strong></span> <span class='ocrx_word' id='word_1_219' title='bbox 1340 3728 1495 3827; x_wconf 90' lang='lat' dir='ltr'><strong>insignio</strong></span> <span class='ocrx_word' id='word_1_220' title='bbox 1545 3730 1727 3804; x_wconf 89' lang='lat' dir='ltr'><strong>musculos</strong></span> <span class='ocrx_word' id='word_1_221' title='bbox 1745 3756 1886 3819; x_wconf 47' lang='lat' dir='ltr'><strong>manaa,</strong></span> 
     </span>
     <span class='ocr_line' id='line_1_27' title="bbox 229 3848 1729 3949; baseline 0.001 -23"><span class='ocrx_word' id='word_1_222' title='bbox 229 3863 463 3943; x_wconf 81' lang='lat' dir='ltr'><strong>transversos,</strong></span> <span class='ocrx_word' id='word_1_223' title='bbox 482 3864 651 3948; x_wconf 88' lang='lat' dir='ltr'><strong>angustos</strong></span> <span class='ocrx_word' id='word_1_224' title='bbox 666 3849 729 3922; x_wconf 90' lang='lat' dir='ltr'><strong>sed</strong></span> <span class='ocrx_word' id='word_1_225' title='bbox 746 3848 862 3922; x_wconf 90' lang='lat' dir='ltr'><strong>multo</strong></span> <span class='ocrx_word' id='word_1_226' title='bbox 877 3849 1055 3948; x_wconf 90' lang='lat' dir='ltr'><strong>longiores</strong></span> <span class='ocrx_word' id='word_1_227' title='bbox 1072 3875 1183 3949; x_wconf 90' lang='lat' dir='ltr'><strong>quam</strong></span> <span class='ocrx_word' id='word_1_228' title='bbox 1198 3849 1390 3923; x_wconf 88' lang='lat' dir='ltr'><strong>annulares</strong></span> <span class='ocrx_word' id='word_1_229' title='bbox 1407 3853 1676 3946; x_wconf 84' lang='lat' dir='ltr'><strong>transversales,</strong></span> <span class='ocrx_word' id='word_1_230' title='bbox 1691 3866 1729 3928; x_wconf 91' lang='lat' dir='ltr'><strong>et</strong></span> 
     </span>
     <span class='ocr_line' id='line_1_28' title="bbox 225 3968 1729 4070; baseline 0.001 -24"><span class='ocrx_word' id='word_1_231' title='bbox 225 3970 355 4046; x_wconf 74' lang='lat' dir='ltr'><strong>eddam</strong></span> <span class='ocrx_word' id='word_1_232' title='bbox 376 3970 568 4045; x_wconf 88' lang='lat' dir='ltr'><strong>latitudine</strong></span> <span class='ocrx_word' id='word_1_233' title='bbox 589 3971 731 4043; x_wconf 87' lang='lat' dir='ltr'><strong>achiae</strong></span> <span class='ocrx_word' id='word_1_234' title='bbox 754 3969 893 4060; x_wconf 87' lang='lat' dir='ltr'><strong>ultimi,</strong></span> <span class='ocrx_word' id='word_1_235' title='bbox 914 3972 989 4045; x_wconf 87' lang='lat' dir='ltr'><strong>sive</strong></span> <span class='ocrx_word' id='word_1_236' title='bbox 1007 3996 1137 4069; x_wconf 85' lang='lat' dir='ltr'><strong>corpus</strong></span> <span class='ocrx_word' id='word_1_237' title='bbox 1159 3971 1362 4070; x_wconf 87' lang='lat' dir='ltr'><strong>integrum,</strong></span> <span class='ocrx_word' id='word_1_238' title='bbox 1380 3968 1479 4070; x_wconf 90' lang='lat' dir='ltr'><strong>quod</strong></span> <span class='ocrx_word' id='word_1_239' title='bbox 1500 3972 1729 4047; x_wconf 88' lang='lat' dir='ltr'><strong>circumdant</strong></span> 
     </span>
     <span class='ocr_line' id='line_1_29' title="bbox 224 4090 1727 4194; baseline 0 -25"><span class='ocrx_word' id='word_1_240' title='bbox 224 4117 295 4169; x_wconf 73' lang='lat' dir='ltr'><strong>seu</strong></span> <span class='ocrx_word' id='word_1_241' title='bbox 307 4095 462 4194; x_wconf 87' lang='lat' dir='ltr'><strong>cingunt</strong></span> <span class='ocrx_word' id='word_1_242' title='bbox 478 4091 546 4167; x_wconf 90' lang='lat' dir='ltr'><strong>sub</strong></span> <span class='ocrx_word' id='word_1_243' title='bbox 567 4092 682 4164; x_wconf 75' lang='lat' dir='ltr'><strong>formal</strong></span> <span class='ocrx_word' id='word_1_244' title='bbox 701 4091 932 4165; x_wconf 88' lang='lat' dir='ltr'><strong>annulorum.</strong></span> <span class='ocrx_word' id='word_1_245' title='bbox 958 4090 1100 4165; x_wconf 88' lang='lat' dir='ltr'><strong>Nomen</strong></span> <span class='ocrx_word' id='word_1_246' title='bbox 1115 4091 1261 4165; x_wconf 90' lang='lat' dir='ltr'><strong>illorum</strong></span> <span class='ocrx_word' id='word_1_247' title='bbox 1277 4118 1351 4165; x_wconf 92' lang='lat' dir='ltr'><strong>non</strong></span> <span class='ocrx_word' id='word_1_248' title='bbox 1369 4092 1486 4165; x_wconf 89' lang='lat' dir='ltr'><strong>oritur</strong></span> <span class='ocrx_word' id='word_1_249' title='bbox 1502 4117 1547 4165; x_wconf 81' lang='lat' dir='ltr'><strong>ex</strong></span> <span class='ocrx_word' id='word_1_250' title='bbox 1564 4118 1607 4167; x_wconf 93' lang='lat' dir='ltr'><strong>eo</strong></span> <span class='ocrx_word' id='word_1_251' title='bbox 1629 4095 1727 4194; x_wconf 90' lang='lat' dir='ltr'><strong>quod</strong></span> 
     </span>
     <span class='ocr_line' id='line_1_30' title="bbox 223 4211 1728 4315; baseline -0.003 -23"><span class='ocrx_word' id='word_1_252' title='bbox 223 4240 356 4292; x_wconf 69' lang='lat' dir='ltr'><strong>orum</strong></span> <span class='ocrx_word' id='word_1_253' title='bbox 376 4216 504 4315; x_wconf 88' lang='lat' dir='ltr'><strong>positio</strong></span> <span class='ocrx_word' id='word_1_254' title='bbox 521 4216 567 4288; x_wconf 88' lang='lat' dir='ltr'><strong>sit</strong></span> <span class='ocrx_word' id='word_1_255' title='bbox 588 4213 734 4315; x_wconf 86' lang='lat' dir='ltr'><strong>obliqua</strong></span> <span class='ocrx_word' id='word_1_256' title='bbox 756 4228 924 4312; x_wconf 88' lang='lat' dir='ltr'><strong>respectu</strong></span> <span class='ocrx_word' id='word_1_257' title='bbox 943 4215 1018 4287; x_wconf 74' lang='lat' dir='ltr'><strong>auis</strong></span> <span class='ocrx_word' id='word_1_258' title='bbox 1037 4215 1213 4314; x_wconf 84' lang='lat' dir='ltr'><strong>corporis,</strong></span> <span class='ocrx_word' id='word_1_259' title='bbox 1236 4211 1298 4285; x_wconf 89' lang='lat' dir='ltr'><strong>sed</strong></span> <span class='ocrx_word' id='word_1_260' title='bbox 1321 4214 1405 4312; x_wconf 87' lang='lat' dir='ltr'><strong>quia</strong></span> <span class='ocrx_word' id='word_1_261' title='bbox 1432 4212 1512 4286; x_wconf 83' lang='lat' dir='ltr'><strong>hoec</strong></span> <span class='ocrx_word' id='word_1_262' title='bbox 1537 4213 1728 4314; x_wconf 90' lang='lat' dir='ltr'><strong>obliquitas</strong></span> 
     </span>
     <span class='ocr_line' id='line_1_31' title="bbox 224 4332 1725 4433; baseline -0.002 -23"><span class='ocrx_word' id='word_1_263' title='bbox 224 4336 267 4410; x_wconf 83' lang='lat' dir='ltr'><strong>in</strong></span> <span class='ocrx_word' id='word_1_264' title='bbox 294 4335 393 4412; x_wconf 86' lang='lat' dir='ltr'><strong>fibris</strong></span> <span class='ocrx_word' id='word_1_265' title='bbox 424 4336 646 4410; x_wconf 84' lang='lat' dir='ltr'><strong>observatur.</strong></span> <span class='ocrx_word' id='word_1_266' title='bbox 678 4334 885 4409; x_wconf 86' lang='lat' dir='ltr'><strong>Admodum</strong></span> <span class='ocrx_word' id='word_1_267' title='bbox 911 4347 998 4408; x_wconf 89' lang='lat' dir='ltr'><strong>sunt</strong></span> <span class='ocrx_word' id='word_1_268' title='bbox 1020 4334 1178 4407; x_wconf 89' lang='lat' dir='ltr'><strong>distincti</strong></span> <span class='ocrx_word' id='word_1_269' title='bbox 1205 4335 1244 4404; x_wconf 92' lang='lat' dir='ltr'><strong>in</strong></span> <span class='ocrx_word' id='word_1_270' title='bbox 1273 4334 1413 4433; x_wconf 80' lang='lat' dir='ltr'><strong>magnis</strong></span> <span class='ocrx_word' id='word_1_271' title='bbox 1438 4332 1658 4427; x_wconf 89' lang='lat' dir='ltr'><strong>Lumbricis‚</strong></span> <span class='ocrx_word' id='word_1_272' title='bbox 1686 4337 1725 4407; x_wconf 89' lang='lat' dir='ltr'><strong>ia</strong></span> 
     </span>
     <span class='ocr_line' id='line_1_32' title="bbox 225 4456 1335 4558; baseline -0.005 -26"><span class='ocrx_word' id='word_1_273' title='bbox 225 4456 360 4558; x_wconf 83' lang='lat' dir='ltr'><strong>quibus</strong></span> <span class='ocrx_word' id='word_1_274' title='bbox 381 4471 424 4532; x_wconf 90' lang='lat' dir='ltr'><strong>ut</strong></span> <span class='ocrx_word' id='word_1_275' title='bbox 445 4459 493 4531; x_wconf 83' lang='lat' dir='ltr'><strong>ita</strong></span> <span class='ocrx_word' id='word_1_276' title='bbox 517 4457 655 4550; x_wconf 84' lang='lat' dir='ltr'><strong>dicam,</strong></span> <span class='ocrx_word' id='word_1_277' title='bbox 678 4481 802 4530; x_wconf 87' lang='lat' dir='ltr'><strong>omnes</strong></span> <span class='ocrx_word' id='word_1_278' title='bbox 824 4456 902 4530; x_wconf 86' lang='lat' dir='ltr'><strong>fere</strong></span> <span class='ocrx_word' id='word_1_279' title='bbox 924 4456 1077 4530; x_wconf 90' lang='lat' dir='ltr'><strong>annulos</strong></span> <span class='ocrx_word' id='word_1_280' title='bbox 1097 4456 1335 4530; x_wconf 86' lang='lat' dir='ltr'><strong>constituunt.</strong></span> 
     </span>
    </p>
   </div>
   <div class='ocr_carea' id='block_1_5' title="bbox 277 4567 1952 4770">
    <p class='ocr_par' dir='ltr' id='par_1_5' title="bbox 277 4567 1952 4770">
     <span class='ocr_line' id='line_1_33' title="bbox 277 4567 1952 4694; baseline -0.006 -37"><span class='ocrx_word' id='word_1_281' title='bbox 277 4577 493 4681; x_wconf 75' lang='lat' dir='ltr'><strong>Hucusque,</strong></span> <span class='ocrx_word' id='word_1_282' title='bbox 517 4580 558 4653; x_wconf 92' lang='lat' dir='ltr'><strong>ni</strong></span> <span class='ocrx_word' id='word_1_283' title='bbox 583 4577 706 4672; x_wconf 81' lang='lat' dir='ltr'><strong>fallor,</strong></span> <span class='ocrx_word' id='word_1_284' title='bbox 726 4578 850 4655; x_wconf 83' lang='lat' dir='ltr'><strong>nullus</strong></span> <span class='ocrx_word' id='word_1_285' title='bbox 867 4591 992 4652; x_wconf 89' lang='lat' dir='ltr'><strong>auctor</strong></span> <span class='ocrx_word' id='word_1_286' title='bbox 1008 4578 1054 4653; x_wconf 92' lang='lat' dir='ltr'><strong>de</strong></span> <span class='ocrx_word' id='word_1_287' title='bbox 1080 4578 1137 4653; x_wconf 91' lang='lat' dir='ltr'><strong>his</strong></span> <span class='ocrx_word' id='word_1_288' title='bbox 1158 4577 1300 4653; x_wconf 81' lang='lat' dir='ltr'><strong>locutus</strong></span> <span class='ocrx_word' id='word_1_289' title='bbox 1318 4588 1384 4650; x_wconf 90' lang='lat' dir='ltr'><strong>est.</strong></span> <span class='ocrx_word' id='word_1_290' title='bbox 1404 4575 1481 4649; x_wconf 90' lang='lat' dir='ltr'><strong>Cel.</strong></span> <span class='ocrx_word' id='word_1_291' title='bbox 1505 4576 1642 4650; x_wconf 80' lang='lat' dir='ltr'><strong>Cuoier</strong></span> <span class='ocrx_word' id='word_1_292' title='bbox 1659 4579 1725 4678; x_wconf 88' lang='lat' dir='ltr'><strong>qui</strong></span> <span class='ocrx_word' id='word_1_293' title='bbox 1743 4567 1888 4692; x_wconf 43' lang='lat'><strong>⁸¹:132&amp;</strong></span> <span class='ocrx_word' id='word_1_294' title='bbox 1890 4570 1952 4694; x_wconf 36' lang='lat'><strong>⁸⁵⁸·</strong></span> 
     </span>
     <span class='ocr_line' id='line_1_34' title="bbox 1316 4722 1358 4770; baseline 0.048 -2"><span class='ocrx_word' id='word_1_295' title='bbox 1316 4722 1358 4770; x_wconf 77' lang='lat' dir='ltr'><strong>ra</strong></span> 
     </span>
    </p>
   </div>
   <div class='ocr_carea' id='block_1_6' title="bbox 0 0 2126 5850">
    <p class='ocr_par' dir='ltr' id='par_1_6' title="bbox 0 0 2126 5850">
     <span class='ocr_line' id='line_1_35' title="bbox 0 0 2126 5850; baseline 0 1"><span class='ocrx_word' id='word_1_296' title='bbox 0 0 2126 5850; x_wconf 95' lang='lat' dir='ltr'><strong> </strong></span> 
     </span>
    </p>
   </div>
  </div>
 </body>
</html>
