4244 5850
924 539 1079 639 (209)

299 712 509 792 &cundum
533 736 649 814 genus
673 704 962 809 reproductionis
985 719 1040 779 cst
1061 702 1155 780 illud
1175 702 1239 781 nbi
1259 704 1338 781 hoeo
1360 709 1559 810 proprietas
1579 707 1756 785 artificiali
1772 711 1903 840 syemdq
1926 733 1984 787 ⁸1³0·
2089 773 2092 777 .

140 931 143 935 ¹
250 834 357 911 modo
383 835 504 911 locum
534 832 643 907 habet
669 829 804 930 absque
832 841 876 901 ut
899 827 1027 900 modus
1057 828 1108 899 sic
1133 851 1209 901 sese
1230 828 1470 928 progignendi
1496 831 1543 903 sit
1564 830 1754 925 naturalis,
1773 800 1984 933 ppprpqqeqrpn

250 958 336 1060 quia
369 954 537 1029 animalia
561 978 644 1055 quae
677 976 720 1027 eo
755 949 917 1051 gaudent
942 949 1079 1023 habent
1114 973 1222 1023 sexus
1249 952 1324 1027 sive
1360 967 1540 1054 separatos
1566 956 1643 1029 sive
1669 981 1761 1030 con·
1775 937 1827 979 ²¹¹⁸·

251 1078 394 1183 junctos
414 1078 477 1150 sed
504 1101 646 1175 semper
666 1075 862 1147 distinctos.
891 1073 933 1143 ln
957 1072 1027 1143 illis
1047 1074 1144 1145 enim
1168 1071 1385 1149 animalibus
1405 1089 1524 1174 partes
1547 1090 1675 1150 secatae
1696 1102 1758 1151 re-

251 1200 506 1302 producuntur
532 1198 599 1270 snb
625 1197 738 1268 sormi
771 1193 935 1267 animalis
952 1196 1106 1297 integri.
1141 1194 1182 1266 ln
1212 1193 1312 1267 hunc
1339 1223 1480 1287 casum,
1509 1222 1553 1269 ex
1577 1198 1757 1271 sententiis

251 1321 490 1422 quorumdam
512 1332 722 1407 auctorum,
739 1316 835 1388 cadit
856 1327 975 1386 noster
998 1314 1215 1388 Lumbricns
1231 1318 1424 1406 terrestris,
1451 1319 1534 1407 etsi,
1552 1319 1757 1394 secundum

250 1467 329 1532 eos,
351 1468 424 1514 non
442 1441 550 1541 possit
567 1441 678 1511 secari
694 1441 731 1510 in
750 1452 868 1537 partes
888 1451 960 1507 tam
982 1438 1131 1535 exiguas
1149 1463 1257 1535 quam
1282 1453 1399 1510 cetera
1417 1438 1597 1511 animalia.
1613 1439 1684 1512 Nos
1698 1467 1758 1513 ar-

169 1570 175 1581 '
248 1562 427 1636 bitramur
453 1587 530 1634 rem
554 1562 701 1632 omnino
727 1560 830 1630 aliter
856 1585 932 1631 sese
956 1559 1090 1631 habere
1117 1573 1154 1631 et
1175 1561 1411 1634 Lumbricum
1442 1576 1645 1636 terrestrem
1664 1563 1758 1639 illud

249 1685 514 1784 phoenomenon
542 1708 614 1754 non
647 1680 826 1780 praebere:
855 1707 1056 1778 numquam
1086 1683 1184 1753 enim
1214 1681 1370 1754 vidimus
1392 1683 1551 1781 singulas
1574 1687 1758 1783 portiones

249 1818 383 1878 secatae
414 1801 547 1875 animal
573 1804 760 1901 integrum
782 1802 1035 1899 reproducere.
1080 1801 1208 1899 ltaque
1237 1796 1437 1874 referemus
1463 1805 1567 1874 istam
1597 1806 1756 1902 speciem

249 1924 535 2024 reprodnctionis
555 1923 601 1995 ad
624 1925 772 1996 tertium
791 1948 922 2020 genus,
948 1924 987 1994 in
1011 1921 1109 2020 quod
1131 1924 1240 1994 etiam
1258 1923 1394 1995 cadunt
1414 1924 1602 2014 Tritones,
1626 1926 1753 2017 Ranae,
1772 1936 1866 1992 Tertia
1884 1938 1985 2009 specio
2014 1986 2017 1991 .
2099 1974 2102 1981 ·

248 2044 408 2136 Helices,
430 2044 645 2135 Hirudines,
661 2056 731 2116 etc.
757 2043 889 2115 Omnia
912 2042 971 2114 illa
994 2044 1161 2116 animalia
1182 2058 1331 2142 possunt
1348 2046 1386 2115 in
1403 2045 1619 2143 quibusdam
1636 2072 1755 2119 mem·
1772 2006 1985 2146 Ξζὲζὶῗῑῗῃζ

250 2164 323 2241 bris
350 2164 532 2256 mutilari,
570 2164 633 2237 sed
662 2190 865 2264 numquam
901 2167 939 2237 in
969 2165 1047 2237 aliis
1078 2166 1242 2265 partibus
1279 2169 1360 2241 vitae
1391 2170 1503 2267 magis
1536 2171 1755 2243 necessariis.

249 2288 403 2361 Limacis
430 2299 541 2384 caput
575 2286 789 2378 auferatur,
824 2286 978 2360 alterum
1006 2288 1130 2361 denuo
1159 2302 1345 2379 nascetnr3
1374 2288 1437 2360 sed
1462 2303 1572 2386 caput
1594 2289 1757 2364 ablatum

204 2434 207 2439 ·
250 2433 323 2481 non
350 2408 516 2479 limacem
541 2406 721 2504 integram
747 2420 785 2478 et
813 2406 1011 2480 absolutam
1042 2408 1163 2481 denno
1194 2409 1392 2507 producet¹3
1425 2409 1530 2479 aufer
1558 2435 1663 2482 crura
1696 2410 1756 2483 vel

250 2528 401 2603 modam
418 2527 671 2617 salamandrae,
693 2528 813 2627 gyrini
836 2554 950 2617 ranae,
971 2555 1064 2600 nova
1086 2533 1281 2602 crescentia
1303 2528 1458 2618 videbis,
1477 2530 1539 2600 scd
1559 2532 1755 2605 certissime

249 2675 388 2726 novum
419 2648 554 2720 animal
585 2673 629 2720 ex
659 2671 766 2719 crure
796 2661 861 2719 aut
893 2648 1005 2720 cauda
1038 2666 1155 2722 secata
1189 2652 1365 2749 originem
1393 2676 1495 2721 suam
1525 2676 1599 2722 non
1631 2650 1753 2724 ducet.

247 2772 335 2848 Seca
356 2771 594 2846 Lumbricum
629 2783 836 2843 terrestrem
863 2772 901 2842 in
925 2771 1014 2843 duas
1034 2787 1154 2870 partes
1177 2773 1225 2843 ita
1250 2785 1291 2845 ut
1313 2774 1423 2843 sectio
1446 2771 1541 2842 infra
1576 2770 1754 2844 clitellum

249 2893 424 2970 efficiatur
448 2892 547 2990 (vid.
564 2892 638 2992 fig.
658 2892 694 2965 3.
719 2893 797 2963 tab.
815 2893 853 2964 Ι.
868 2894 900 2990 ),
927 2894 1065 2966 videbis
1087 2909 1227 2993 partem
1251 2896 1467 2966 anteriorem
1491 2908 1555 2965 ant
1572 2894 1671 2966 illam
1691 2893 1754 2967 ubi

233 3031 360 3117 caput
375 3016 553 3107 occurrit,
577 3014 731 3087 caudam
756 3038 887 3087 novam
915 3017 1209 3114 progignentem,
1236 3017 1266 3086 si
1291 3014 1405 3087 cauda
1432 3015 1502 3085 dici
1531 3028 1646 3112 potest
1672 3040 1754 3112 pars

247 3140 423 3239 posterior
444 3137 617 3235 corporis,
639 3135 702 3208 sed
722 3161 923 3232 numquam
954 3137 1067 3208 cauda
1089 3137 1266 3234 producet
1288 3135 1526 3208 Lumbricum
1546 3135 1752 3234 integrum,

248 3264 314 3336 etsi
339 3262 476 3358 optime
504 3280 664 3327 crescere
687 3270 724 3324 et
745 3256 1009 3350 quodammodo
1032 3257 1150 3329 evolvi
1178 3259 1298 3354 possit.

251 3382 258 3397 '
297 3379 476 3455 Affirmari
500 3376 580 3448 fere
600 3386 719 3472 posset
740 3373 1056 3471 reprodnctionem
1082 3401 1146 3473 per
1169 3390 1288 3474 partes
1308 3375 1429 3449 locum
1452 3374 1586 3448 habere
1607 3377 1645 3447 in
1668 3373 1977 3460 om-osaemnm’s.

249 3499 357 3577 nibus
379 3495 594 3571 animalibus
608 3493 785 3591 sangnine
808 3493 940 3593 frigido
958 3495 1135 3592 praeditis3
1160 3496 1303 3588 saltem,
1326 3523 1528 3595 numquam
1552 3510 1617 3570 aut
1643 3499 1753 3570 raris-

249 3623 340 3696 sime
360 3621 400 3692 in
427 3614 641 3690 animalibus
665 3614 841 3713 sanguine
862 3616 977 3687 calido
1000 3618 1318 3708 animadvertitur,
1348 3618 1527 3716 quidquid
1549 3619 1594 3689 de
1617 3618 1685 3690 hdo
1711 3643 1751 3692 re

249 3742 371 3818 dicant
392 3740 446 3813 Cl.
476 3739 674 3811 Dotamel
697 3738 762 3835 qui
784 3737 890 3828 vidit,
926 3740 1069 3836 inquit,
1096 3738 1277 3812 annulum
1305 3741 1421 3810 carnis
1450 3763 1567 3837 usque
1599 3738 1645 3811 ad
1674 3764 1749 3811 ossa

248 3878 408 3940 secatum
433 3864 473 3934 in
495 3884 601 3933 crure
623 3859 717 3956 pulli
739 3858 927 3957 gallinacei
955 3858 1233 3956 reproductum,
1256 3873 1294 3931 et
1315 3858 1376 3931 alii
1404 3873 1569 3931 auctores
1591 3885 1747 3957 quornm

248 4011 345 4062 nnus
373 3981 559 4056 contendit
582 3980 707 4051 tibiam
729 3992 883 4050 secatam
901 3978 945 4051 ad
963 4006 1045 4052 crus
1066 3979 1222 4051 hominis
1237 3993 1484 4052 renascentem
1510 3979 1723 4054 observasse.

298 4106 335 4178 Si
355 4103 487 4177 idaeam
509 4099 716 4200 generalem
739 4100 784 4172 de
807 4102 843 4174 vi
864 4100 1118 4198 reproductivb
1138 4104 1177 4173 in
1193 4102 1430 4175 Annelidibus
1451 4103 1540 4174 mihi
1559 4103 1748 4176 efformare
1784 4113 1941 4196 Explicatis

248 4225 378 4318 velim,
398 4249 484 4297 mox
498 4222 715 4322 persentisco
737 4246 803 4318 pro
820 4221 926 4293 causi
950 4221 1059 4321 hujus
1077 4223 1306 4320 phaenomeni
1329 4223 1454 4296 datum
1470 4225 1580 4296 fnisse
1598 4223 1746 4298 modum
1769 4183 1948 4254 phanonem.

248 4348 448 4422 existentiae
469 4346 509 4416 in
531 4344 629 4415 hisce
650 4340 866 4414 animalibus
887 4345 1086 4442 systematis
1112 4345 1265 4418 nervosi.
1309 4344 1380 4417 Nos
1401 4346 1535 4417 etenim
1558 4370 1632 4416 non
1658 4344 1747 4418 latet

247 4472 370 4576 ipsum
396 4480 559 4542 constare
582 4467 674 4538 serie
696 4463 899 4563 duplicium
923 4464 1101 4539 nodorum
1124 4480 1187 4539 aut
1211 4465 1437 4566 gangliornm
1461 4492 1543 4564 quae
1572 4465 1747 4566 suppedi-

248 4603 329 4666 tant
342 4588 505 4691 partibus
521 4584 829 4661 circumdantibus
838 4600 903 4659 aut
913 4587 1083 4661 membris
1091 4643 1101 4684 ,
1114 4590 1144 4661 si
1158 4589 1334 4683 existunt,
1346 4613 1474 4662 nervos
1485 4585 1567 4686 plns
1581 4588 1745 4662 minusve

1358 4754 1497 4828 ²7*
