4244 5850
931 535 1091 637 (165)

253 705 358 809 cujus
378 703 512 779 tunica
537 700 822 791 contrahuntur,
844 709 882 772 et
901 701 1114 800 sanguinem
1140 701 1181 775 in
1203 702 1399 777 secundam
1426 707 1747 785 extumesceutiam

251 838 389 926 agunt,
415 822 675 928 huctricissim
696 819 944 912 contrahitur,
970 821 1141 920 propellit
1155 826 1380 923 sanguinem
1406 827 1445 897 in
1471 828 1639 920 tertiam,
1667 853 1752 928 quas

250 944 379 1047 major,
402 944 617 1042 elongatior‚
640 968 726 1016 eum
747 944 822 1040 agit
835 966 959 1016 versus
981 943 1333 1041 partem-dorsalem3
1358 944 1408 1017 ibi
1429 972 1449 1018 a
1469 948 1595 1047 quartal
1614 950 1751 1048 rocipi-

250 1079 312 1140 tur
337 1062 621 1166 extumescentid
648 1072 732 1161 quoe
757 1086 842 1134 eum
864 1065 904 1134 in
927 1078 1062 1138 sortem
1082 1064 1240 1164 denique
1260 1064 1401 1165 dejicit3
1426 1067 1504 1141 haec
1525 1071 1565 1142 in
1587 1095 1669 1143 suas
1689 1097 1751 1144 ra-

250 1185 483 1259 milicatinnes
504 1183 606 1257 ducit
631 1184 843 1281 sanguinem
870 1196 908 1257 et
931 1186 1083 1260 ulterius
1109 1189 1149 1259 in
1171 1187 1345 1262 vesiculas
1365 1192 1503 1280 aereas,
1538 1190 1602 1262 ubi
1630 1190 1752 1265 obvias

251 1307 433 1405 reperiens
456 1328 562 1379 venas
583 1303 831 1402 pulmonares,
859 1329 1001 1403 semper
1024 1331 1147 1381 versus
1168 1331 1229 1378 cor
1250 1305 1373 1379 refluit
1398 1321 1435 1378 et
1462 1307 1626 1381 eamdem
1652 1312 1749 1384 viam

252 1426 373 1501 denuo
393 1425 533 1523 incipit.

299 1545 450 1644 Sanguis
468 1569 542 1616 non
561 1543 669 1617 simul
689 1568 735 1615 ex
759 1542 959 1618 ventriculo
980 1545 1019 1615 in
1041 1543 1130 1618 duas
1150 1546 1329 1620 auriculas
1351 1547 1560 1648 projicitur,
1584 1550 1747 1647 primum

132 1706 137 1714 ·
249 1667 289 1739 in
311 1692 422 1741 unam
443 1690 489 1739 ex
507 1663 578 1736 illis
600 1665 745 1756 tramit,
769 1676 807 1736 et
825 1689 940 1738 novus
962 1667 1146 1763 sanguinis
1165 1665 1280 1766 jactus
1295 1669 1333 1738 in
1358 1668 1601 1742 ventriculum
1620 1671 1745 1744 venire

208 1820 213 1830 ²
250 1810 393 1861 necesse
422 1798 475 1857 est
501 1797 543 1857 ut
568 1783 730 1857 auricula
757 1785 915 1883 opposita
942 1784 1147 1884 impleatur.
1178 1788 1317 1886 Atque,
1348 1792 1529 1886 quantitas
1559 1792 1745 1890 sanguinis

252 1930 361 2005 quam
384 1905 513 2002 recipit
534 1902 758 1977 ventriculus
780 1906 818 1975 in
839 1917 935 1976 statu
952 1905 1184 2000 dilatationis,
1203 1933 1278 1980 non
1299 1909 1430 1981 sufficit
1449 1909 1493 1982 ad
1513 1914 1748 2009 capacitatem

249 2023 421 2125 auriculae
449 2027 599 2123 integrae
623 2023 867 2122 implendam,
894 2027 956 2099 sed
984 2041 1106 2100 tamen
1135 2029 1249 2130 major
1275 2044 1329 2103 est
1358 2045 1400 2105 ut
1431 2031 1748 2113 exclusiromodo

248 2170 359 2218 unam
377 2168 420 2217 ex
441 2142 520 2245 ejus
534 2147 824 2217 extumescentiis
840 2147 1001 2242 impleat.
1027 2150 1168 2223 Exinde
1188 2150 1374 2225 auriculus
1395 2153 1553 2249 primum
1573 2152 1747 2250 impletur

249 2266 401 2343 alatere
417 2268 474 2340 sui
496 2265 563 2356 fili,
587 2279 625 2339 et
641 2265 735 2339 latus
757 2269 959 2365 oppositum
981 2296 1141 2343 vacnum
1162 2284 1325 2342 remanet
1345 2269 1459 2343 donec
1483 2272 1744 2345 contractiones

246 2390 447 2487 primarum
477 2387 842 2462 extumescentiarum
868 2391 1080 2486 sanguinem
1108 2388 1350 2488 propulerunt
1373 2391 1412 2461 in
1442 2391 1602 2485 tertiam3
1633 2406 1671 2465 et
1694 2394 1745 2467 sic

249 2507 432 2607 deinceps.
1692 2588 1695 2595 .

261 2686 267 2691 .
297 2627 483 2726 Temporis
502 2627 733 2719 intervallum
754 2627 851 2724 quod
872 2627 967 2699 inter
987 2627 1230 2702 dilatationem
1247 2643 1284 2702 et
1299 2631 1581 2704 contractionem
1602 2634 1746 2708 ventri-

248 2747 322 2823 culi
339 2749 536 2840 inferioris,
555 2747 746 2820 intercedit
765 2761 817 2820 est
839 2748 863 2821 6
883 2751 1041 2846 partium
1063 2749 1160 2823 horae
1181 2764 1236 2823 ter
1257 2752 1530 2826 millesimarum
1550 2767 1744 2826 sexcente-

247 2871 439 2945 simarum:
465 2869 619 2960 scilicet,
649 2867 718 2940 hoc
746 2870 916 2966 temporis
944 2869 1150 2959 intervallo,
1179 2873 1323 2970 sanguis
1351 2874 1586 2970 proficiscitur
1606 2875 1645 2945 in
1665 2873 1744 2971 pri-

248 3004 349 3065 mum
379 2989 643 3081 ventriculum,
671 3014 718 3061 ex
745 2989 814 3061 hoc
840 2990 878 3059 in
905 2988 1104 3060 secundum
1133 2987 1367 3083 (inferiorem
1391 2992 1494 3063 seriei
1519 2990 1741 3089 sequentis),

246 3110 330 3183 inde
353 3111 394 3183 iu
415 3110 563 3183 tertium
588 3112 697 3181 etsie
720 3108 901 3204 deinceps.
924 3106 1012 3178 lude
1040 3108 1204 3204 sequitur
1229 3109 1460 3183 intervallum
1484 3109 1581 3207 quod
1601 3123 1742 3207 separat

246 3230 411 3330 systolem
434 3256 454 3302 a
476 3228 623 3302 diastole
643 3253 717 3301 esse
739 3228 821 3302 6et
848 3225 1013 3326 systolem
1045 3251 1063 3296 a
1087 3226 1234 3324 systole,
1262 3227 1446 3300 diastolem
1472 3254 1492 3299 a
1519 3227 1665 3300 diastole
1691 3231 1742 3300 12

246 3354 403 3451 partium
424 3351 521 3425 horae
543 3351 652 3424 unius
673 3362 729 3423 ter
749 3349 1019 3422 millesimarum
1041 3348 1392 3420 sexcentesimarum.
1420 3347 1558 3419 Eodem
1577 3361 1741 3446 tempore

247 3486 284 3545 st
303 3473 341 3545 in
360 3471 484 3544 eadem
500 3474 748 3569 proportione,
770 3472 967 3543 successivo
985 3466 1090 3541 modo
1111 3467 1310 3567 implentur
1326 3466 1408 3539 duae
1425 3467 1596 3540 auriculas
1614 3465 1740 3567 eujus-

158 3598 162 3604 ’
247 3616 319 3691 quc
341 3593 462 3683 seriei3
490 3604 527 3663 et
551 3616 665 3689 quum
690 3590 921 3664 intervallum
944 3588 1041 3686 quod
1068 3603 1121 3661 est
1145 3591 1240 3662 inter
1261 3590 1520 3661 contractiones
1546 3601 1583 3661 et
1609 3587 1739 3661 dilata-

246 3714 360 3784 tiones
380 3708 557 3810 cujusque
577 3709 769 3784 ventriculi
792 3710 971 3781 inferioris
994 3712 1041 3781 sit
1065 3709 1184 3801 idem,
1211 3708 1445 3781 manifestum
1465 3720 1518 3779 est
1539 3707 1736 3798 auriculas,

246 3856 369 3905 omnes
395 3831 503 3904 simul
524 3844 704 3928 sumptas,
733 3830 944 3905 alternativo
970 3829 1097 3921 modo,
1124 3842 1286 3928 tempore
1312 3829 1571 3920 determinato,
1593 3829 1738 3929 impleri

246 3969 283 4030 et
298 3955 461 4043 vacuari,
482 3952 659 4051 usquead
680 3952 759 4025 illas
774 3978 856 4051 quae
875 3951 1030 4023 maxime
1045 3963 1131 4024 sunt
1147 3950 1358 4047 superiores.
1378 3950 1521 4020 Etenim
1541 3948 1603 4022 ille
1619 3962 1739 4022 motus

244 4088 342 4147 tanta
359 4073 590 4173 regularitate
607 4072 727 4145 locum
746 4072 873 4165 habet,
894 4086 937 4146 ut
956 4071 1226 4146 admirationem
1246 4068 1478 4142 observatoris
1494 4095 1636 4143 causam
1656 4069 1737 4172 ejus

245 4197 460 4295 inquirentis
481 4219 626 4270 movere
653 4192 792 4290 debeat.
843 4210 845 4214 ’

293 4316 425 4389 Omnia
445 4314 679 4414 phaenomena
696 4314 937 4388 circulationis
950 4312 1153 4404 anbrici,
1177 4310 1222 4383 de
1240 4310 1312 4408 qud
1332 4322 1383 4381 tot
1402 4321 1565 4381 auctores
1580 4307 1733 4405 scripse-

243 4451 348 4527 runt,
363 4434 427 4509 sed
441 4459 552 4534 quam
566 4434 690 4507 nullus
706 4433 821 4507 fusius
837 4434 1037 4533 descripsit,
1059 4448 1144 4507 sunt
1162 4428 1421 4531 perspicuenda
1440 4454 1555 4527 quum
1573 4428 1612 4499 in
1629 4427 1732 4500 dorso

243 4571 282 4631 et
302 4570 427 4631 ventre
458 4554 673 4629 Lumbricus
705 4557 886 4629 maximus
916 4556 1095 4654 aperitur3
1125 4551 1232 4626 debet
1256 4551 1387 4650 aperiri
1416 4552 1520 4624 vivus
1551 4548 1666 4623 etita
1687 4561 1734 4621 ut

243 4676 387 4753 nullum
409 4699 583 4775 magnum
611 4699 672 4752 vas
698 4674 948 4774 sanguiserum
968 4673 1135 4773 scalpello
1160 4670 1323 4746 laedatur.
