4244 5850
904 495 1058 600 (177)

224 692 357 769 magno
369 666 491 744 ovario
511 662 695 757 inferiori,
718 661 1025 764 quemadmodum
1050 661 1105 736 Cl.
1126 661 1260 739 Bauer
1275 661 1471 742 delineavit
1492 667 1532 743 in
1553 666 1721 747 daem-

226 793 326 867 tione
345 787 573 864 celeberrimi
588 785 727 859 Home.
755 784 886 859 Nonne
905 784 966 858 bic
982 783 1113 858 ductus
1123 784 1297 860 inservire
1314 785 1463 863 deberet
1477 803 1538 882 nt,
1554 802 1720 893 tempore

226 916 365 1002 coitus,
388 909 569 1009 liquorem
591 904 847 1006 spermaticum
867 906 908 977 in
930 905 1049 979 avaria
1070 903 1247 1004 propellat
1257 903 1278 978 ‘l

274 1018 484 1109 Membrana
507 1010 757 1103 testiculorum
783 1040 836 1100 est
856 1026 1084 1118 tenuissima,
1113 1022 1253 1118 mollis,
1281 1024 1526 1121 translucens,
1552 1029 1718 1127 elastica,
1736 1072 1896 1133 nemum
1904 1095 1948 1135 ax·

226 1168 298 1231 etc.
325 1156 463 1254 Liqnor
487 1150 722 1251 spermaticus
748 1146 813 1247 qui
838 1145 900 1220 illa
928 1170 1060 1245 organa
1080 1144 1230 1244 implet,
1256 1169 1298 1218 ea
1319 1145 1437 1220 albido
1462 1146 1577 1223 lacteo
1602 1150 1720 1225 colore
1788 1152 1875 1200 Μ’·
1934 1221 1938 1228 .

226 1273 346 1349 afficit.
384 1274 470 1345 Post
497 1267 772 1372 ejaculationem
801 1264 912 1368 hujus
942 1263 1063 1357 fluidi,
1092 1264 1248 1339 testiculi
1277 1291 1351 1339 non
1382 1267 1536 1367 amplius
1568 1273 1723 1371 perspici
1913 1254 1916 1259 ¹

226 1406 393 1496 pomum,
422 1393 644 1491 crispantur,
677 1388 932 1487 deprimuntur
956 1398 994 1459 et
1013 1410 1107 1484 saepe
1139 1385 1286 1458 omnino
1307 1403 1538 1463 evanescunt.
1584 1391 1724 1492 Saepius

225 1514 401 1591 adfinem
422 1512 591 1586 autumni
613 1510 772 1608 segmina
799 1532 926 1581 eorum
950 1508 1195 1606 reperiuntur.

277 1635 332 1708 Ex
347 1659 391 1708 eo
410 1631 507 1732 quod
524 1632 563 1704 in
575 1628 790 1729 quibusdam
807 1627 1025 1717 Lumbricis,
1043 1625 1292 1700 tantummodo
1307 1625 1380 1699 dno
1393 1641 1458 1700 ant
1472 1641 1544 1702 tres
1562 1631 1719 1707 testiculi
1727 1661 1947 1720 observationes.

225 1753 473 1845 inveniantur,
497 1749 683 1841 concludi,
708 1756 747 1820 ni
768 1746 889 1836 fallor,
914 1760 1031 1846 potest
1051 1746 1112 1818 illa
1133 1745 1298 1818 animalia
1320 1746 1456 1845 pluries
1477 1755 1593 1841 coire,
1619 1765 1656 1824 et
1678 1751 1723 1826 ad

225 1871 383 1973 singulas
411 1869 657 1971 copulationes
684 1893 801 1941 unum
828 1865 1036 1939 testiculum
1061 1865 1120 1937 vel
1142 1865 1266 1963 plures
1291 1869 1437 1942 vacuari
1464 1880 1502 1940 et
1535 1893 1658 1943 semen
1683 1873 1722 1947 in

226 1993 390 2069 ovarium
407 1988 686 2090 correspondens
696 1987 909 2086 propellere.
934 1985 1133 2079 Caeterum,
1154 1987 1282 2084 ingens
1298 2011 1474 2061 numerus
1495 1991 1724 2088 qnotidiana-

223 2136 308 2188 rnm
328 2110 625 2211 copulationum,
647 2120 684 2180 et
705 2106 761 2179 Cl.
782 2107 986 2205 Montdgre
1010 2105 1208 2180 observatio
1227 2106 1316 2180 huic
1330 2108 1491 2206 opinioni
1510 2109 1647 2185 favent.

273 2229 496 2328 Micruscopii
520 2253 589 2329 ope
613 2228 811 2326 conspecti,
835 2225 992 2300 testiculi
1023 2225 1115 2298 nihil
1142 2224 1300 2299 notabile
1327 2226 1525 2323 exhibent3
1556 2227 1722 2328 quaedam

224 2350 369 2428 vascula
387 2348 593 2449 sanguisera
617 2349 656 2420 in
678 2371 805 2419 eorum
822 2344 1030 2420 membrana
1053 2346 1313 2420 ramilicantur.

272 2469 475 2543 Relationes
501 2493 584 2566 quar
607 2465 838 2538 intercedunt
865 2465 961 2536 inter
983 2466 1125 2536 fissuras
1153 2463 1213 2539 16ἰ
1238 2466 1365 2540 annuli
1391 2479 1429 2541 et
1454 2468 1637 2541 testiculos
1664 2469 1723 2545 vel

224 2591 343 2667 ovaria
362 2590 562 2689 primarum
584 2588 760 2661 serierum
780 2586 862 2659 satis
883 2599 969 2659 sunt
992 2584 1206 2673 manifestae.
1229 2586 1426 2678 Praeterea,
1449 2587 1539 2661 duas
1557 2587 1636 2661 illas
1662 2614 1724 2662 or-

223 2732 399 2809 ganorum
417 2709 575 2807 species,
605 2705 723 2805 quoad
745 2707 979 2804 positionem,
1005 2704 1159 2802 congrui
1192 2729 1266 2776 non
1288 2705 1411 2778 minus
1439 2706 1646 2782 mirandum
1670 2722 1724 2782 est

223 2852 334 2929 qnam
356 2840 435 2925 post
456 2838 600 2924 tempus
622 2826 756 2915 cottas,
786 2822 912 2894 eadem
928 2845 1154 2894 evanescere.
1182 2822 1284 2912 Quin
1301 2825 1390 2916 imo,
1417 2825 1724 2923 quemadmodum

223 2969 317 3049 perpe
339 2944 546 3035 observavi,
574 2942 718 3045 nonnisi
743 2967 841 3015 unus
872 2956 936 3014 aut
965 2942 1038 3014 duo
1065 2941 1222 3014 testiculi
1253 2944 1505 3042 reperiuntur,
1533 2948 1584 3018 sic
1613 2947 1722 3020 etiam

225 3063 473 3140 tantummodo
497 3088 569 3137 una
593 3062 651 3137 vcl
671 3058 754 3136 duoe
776 3062 918 3162 papillae
935 3062 981 3136 ad
1004 3059 1063 3136 16ἰ
1086 3060 1213 3134 annuli
1228 3060 1338 3135 latera
1361 3076 1569 3137 occurrunt.
1591 3063 1721 3138 Nonne

223 3183 316 3259 illud
337 3184 600 3283 pbaenomenon
620 3207 686 3281 pro
707 3181 813 3255 causi
835 3181 1002 3274 haberet,
1032 3181 1131 3280 quod
1150 3182 1307 3255 testiculi
1336 3182 1382 3255 ab
1408 3208 1483 3256 uno
1506 3184 1619 3259 latere
1639 3210 1721 3287 suae

224 3306 321 3405 vices
351 3307 391 3378 in
424 3304 651 3404 copulatione
683 3304 841 3402 egerint,
877 3315 914 3376 et
938 3301 1153 3377 Lumbricus
1185 3301 1251 3375 diu
1273 3304 1352 3376 sine
1383 3306 1500 3377 coitus
1536 3288 1720 3381 occasione

222 3447 439 3516 remanens,
472 3421 664 3496 destitutus
694 3421 807 3494 fuerit
839 3421 972 3522 papilla
1004 3422 1302 3521 correspondente
1335 3421 1441 3497 lateri
1471 3425 1720 3501 tesdculorum

224 3544 508 3638 desnucmrum,
536 3555 721 3642 tamquam
744 3567 877 3640 organo
904 3542 1051 3616 inutili?

724 3738 790 3810 De
815 3738 962 3835 liquore
984 3740 1222 3834 epemvctico.
1351 3764 1353 3769 ·

272 3902 380 3978 blodo
399 3902 556 3976 diximus
578 3898 760 3974 testiculos
776 3899 930 4000 repletos
953 3925 1029 3975 esse
1048 3901 1188 4000 liquore
1208 3926 1318 4001 quem
1338 3899 1514 3976 habemus
1534 3915 1719 4004 tamqnam

223 4046 364 4125 operm
384 4034 450 4096 aut
474 4020 652 4120 liquorem
674 4019 945 4097 fecundantem.
977 4021 1044 4095 Hic
1070 4021 1190 4122 liquor
1212 4024 1425 4099 variationes
1451 4023 1625 4099 notabiles
1650 4052 1717 4126 pro
1733 4059 1916 4118 vuum,

224 4146 311 4219 anni
328 4156 541 4242 tempestate
564 4140 674 4217 subit.

213 4301 216 4309 ·
272 4262 396 4339 Verno
420 4275 600 4361 tempore,
628 4261 816 4338 cavitatem
845 4263 1002 4338 testiculi
1030 4266 1177 4338 omnino
1201 4264 1350 4365 implet3
1376 4280 1431 4340 est
1452 4266 1614 4359 albidus,
1641 4267 1718 4342 lac-
1807 4321 1813 4329 -

224 4395 323 4475 teus,
359 4383 539 4472 viscosus,
583 4393 768 4479 tamquam
799 4382 855 4456 lac
884 4383 1014 4459 fluens.
1041 4385 1255 4465 Dissolvitur
1282 4388 1322 4460 in
1362 4388 1455 4488 aqut
1486 4402 1524 4462 et
1548 4388 1715 4465 flocculos

225 4500 359 4577 albidas
380 4503 420 4574 in
441 4498 602 4574 alcobole
625 4500 802 4575 efformat.

272 4620 506 4722 Microscopio
527 4617 761 4715 submissum,
786 4623 967 4725 singtdare
988 4625 1252 4725 phenomenon
1277 4627 1435 4790 exlqibet.

1317 4749 1335 4790 2
