4200 5842
841 537 1003 637 (1⁴⁵)

187 720 385 803 nunquam
400 696 497 776 enim
520 701 590 775 hoc
612 699 796 776 observavi
817 713 855 774 et
870 682 1039 774 ιιιιιιίιιιι
1061 681 1192 775 borum
1214 679 1377 777 ovorum
1384 716 1449 780 aut
1457 698 1679 782 Lunib’riro'-

182 852 269 901 rum
293 828 446 924 optime
455 826 532 897 eine
556 824 797 934 perforatione
823 822 954 895 horum
983 846 1199 920 organorum
1223 823 1315 897 effici
1337 838 1473 957 potest,
1501 823 1679 928 quemad-

184 941 335 1022 modum
356 944 821 1019 mouumentum·
1558 990 1608 1028 Ν..

182 1061 513 1175 ·'Diaphragmata
535 1076 734 1136 occurrunt
762 1061 831 1136 sub
854 1062 969 1135 forma
992 1062 1170 1135 diacorum
1196 1063 1480 1138 circularium
1454 1090 1529 1140 nae
1556 1090 1678 1141 annu·
1720 1102 1841 1172 υῑψι...

185 1185 304 1260 lorum
325 1210 481 1283 quorum
503 1185 675 1257 circuitus
696 1185 861 1256 internus
882 1185 1010 1256 intime
1035 1182 1194 1256 adhorret
1215 1174 1412 1284 parietibus
1435 1190 1593 1261 externis
1616 1213 1679 1262 ca·
1749 1181 1832 1223 “¹²¹⁸

185 1305 278 1378 nolio
299 1306 537 1396 alimentarii,
561 1304 606 1377 ab
635 1329 696 1377 ore
723 1330 838 1403 usque
865 1305 1065 1395 edanum,
1099 1303 1213 1377 donec
1244 1319 1416 1379 externus
1444 1306 1678 1408 conjungitur

186 1444 271 1499 oum
294 1424 501 1498 membrana
524 1424 786 1497 submuscnlari
814 1424 1066 1524 longitudinali
1087 1422 1191 1524 cuijus
1210 1425 1341 1497 limites
1363 1440 1448 1499 sunt
1472 1453 1552 1526 pars
1573 1444 1678 1503 ante·
1715 1454 1874 1509 neruoram

187 1566 260 1618 rior
275 1546 458 1643 oesopbaga
470 1545 576 1615 etam
590 1557 769 1642 apertura
790 1543 875 1616 Haec
889 1542 1094 1614 membrana
1110 1544 1123 1636 (
1125 1544 1244 1641 fig
1222 1547 1350 1641 dieb.
1363 1547 1426 1618 II.
1436 1549 1513 1645 )eic
1524 1549 1677 1623 form
1696 1522 1906 1577 ⁸¹¹b¹¹¹¹¹⁸⁰⁰¹³¹¹⁸

184 1662 334 1738 exhibet
356 1664 588 1764 cylindricam
609 1687 692 1760 quaa
714 1664 827 1737 variat
850 1678 1023 1762 praeterea
1046 1690 1111 1762 pro
1136 1668 1241 1738 variis
1264 1667 1418 1740 motibus
1435 1672 1602 1767 corporis.
1622 1669 1679 1744 Ad

183 1799 323 1886 partem
349 1786 588 1882 superiorem,
621 1782 683 1857 ubi
705 1782 871 1883 jungitur
892 1811 975 1857 cum
1000 1785 1195 1882 parietibus
1220 1786 1396 1859 labiorum
1426 1802 1462 1860 et
1484 1789 1680 1887 replicatur
1802 1844 1804 1848 »

185 1906 480 2004 iu'pharyngem,
494 1905 644 1975 sormam
663 1903 770 1976 babet
786 1903 1022 1976 infundibuli.
1040 1905 1130 2002 (fig.
1146 1905 1181 1977 3.
1202 1906 1279 1977 tab.
1298 1907 1396 1978 XV
1391 1908 1448 1979 II
1448 1909 1574 1980 -XV
1569 1911 1598 1982 Ι
1600 1911 1678 2008 ΙΙ).

186 2025 420 2125 Progreditur
443 2024 597 2096 inferitis
619 2024 715 2096 inter
741 2023 900 2097 canalem
926 2024 1191 2097 alimentarium
1215 2038 1253 2096 et
1276 2038 1426 2098 stratum
1455 2027 1678 2124 ornacularc,

186 2136 424 2242 relinquendo
451 2144 608 2242 spatium
639 2167 794 2216 vacuum
823 2148 919 2217 inter
942 2146 1011 2216 hoc
1045 2158 1083 2218 et
1111 2149 1272 2245 proprios
1311 2149 1464 2246 parietes
1500 2163 1677 2224 externos.

184 2264 280 2341 Illud
301 2266 474 2362 spatium,
497 2263 586 2360 (fig.
614 2263 649 2336 5.
680 2265 760 2339 aab,
784 2264 873 2360 II.)
900 2249 1016 2336 locum
1045 2265 1182 2363 praebet
1200 2265 1315 2337 canali
1339 2267 1524 2358 circulari,
1550 2269 1680 2341 transi·

181 2367 462 2481 lum'praebenti
488 2384 621 2453 oviset
647 2380 848 2477 junioribus
870 2384 1088 2472 Lonorius,
1113 2385 1416 2482 quemadmodum
1440 2413 1533 2486 serpe
1557 2388 1681 2463 obser-

185 2498 511 2580 'vaviJSnblevetur
528 2502 731 2575 membrana
749 2503 795 2575 de
811 2505 882 2601 qua
900 2505 960 2576 hic
975 2505 1177 2603 loquimur,
1194 2505 1318 2577 nullus
1329 2520 1495 2579 occurret
1513 2509 1678 2602 renixue,

162 2610 255 2702 'nisi
285 2625 346 2697 ille
369 2649 477 2722 quem
510 2637 700 2720 opponunt
720 2622 883 2722 qtraedarn
915 2623 1010 2695 fibrae
1040 2622 1259 2721 muscularcs
1283 2648 1364 2721 quae
1390 2624 1441 2695 ibi
1470 2624 1677 2720 adbaerent,

187 2746 250 2820 aed
267 2743 472 2818 nullomodo
496 2744 653 2815 canalem
678 2743 919 2831 obstruentem
944 2742 1074 2815 deinde
1091 2741 1312 2840 propellatur
1329 2741 1460 2815 lamina
1476 2747 1565 2817 aciei
1584 2747 1680 2820 inter
1736 2806 1740 2813 ,

185 2867 280 2940 hauc
296 2863 536 2936 membranam
555 2877 593 2934 et
608 2877 757 2934 stratum
780 2863 1000 2951 ninscnlare,
1020 2879 1056 2934 et
1075 2864 1303 2937 manifestum
1320 2867 1388 2936 erit
1402 2866 1501 2938 bunc
1518 2867 1679 2941 canalem

184 2983 385 3058 secundum
408 2981 568 3053 canalem
595 2981 860 3068 alirnentarium
881 2983 1045 3053 existere.
1069 2981 1204 3055 Versus
1224 3009 1333 3055 anum
1359 2985 1505 3081 quidem
1531 2986 1586 3057 vel
1606 3011 1679 3061 uno

187 3116 251 3178 aut
271 3101 411 3174 duobus
434 3101 565 3171 abhinc
587 3100 795 3198 pollicibus,
820 3100 886 3172 alia
911 3103 1147 3174 conformatio
1172 3104 1290 3174 locuni
1317 3102 1443 3188 liabet3
1471 3103 1679 3178 membrana

185 3220 466 3299 tubmtrscularis
482 3220 639 3292 adhaeret
654 3234 763 3291 strato
785 3219 977 3291 masculari
994 3221 1193 3293 secuudum
1212 3221 1340 3293 lineam
1360 3223 1678 3321 longitudinalem,

185 3345 238 3435 ita
252 3357 292 3415 ut
308 3344 497 3440 progignat
513 3340 602 3411 dnos
620 3338 723 3412 tubos
744 3337 924 3430 laterales,
947 3365 1103 3437 quorum
1126 3343 1257 3413 orilicia
1275 3341 1445 3414 desinunt
1467 3345 1505 3416 in
1527 3348 1679 3420 cavitate

186 3465 258 3555 ani.
286 3462 350 3535 llla
379 3463 533 3551 milicia,
563 3461 697 3558 optime
731 3462 945 3567 conspicua,
975 3474 1061 3532 arant
1083 3460 1271 3533 circularia
1296 3487 1378 3534 cunr
1405 3489 1515 3560 parto
1541 3465 1680 3541 reflexu

187 3596 253 3660 tut
277 3580 560 3655 extumesceritia
582 3579 834 3697 prominente.
846 3582 915 3652 Per
937 3579 1016 3672 illa,
1042 3606 1107 3654 ova
1128 3594 1165 3653 et
1185 3579 1345 3683 juniores
1365 3584 1551 3657 Lumbrici
1577 3600 1678 3706 tran—

94 3712 98 3716 ’
185 3696 293 3779 neunt
314 3716 356 3776 ut
376 3715 475 3773 eitra
497 3725 627 3799 corpus
654 3681 855 3801 ejiciantur.

52 3815 57 3822 ¹
187 3812 516 3919 Receptaculom
545 3845 617 3918 quo
642 3822 873 3890 continentur
900 3816 1056 3918 juniores
1078 3817 1261 3890 Lumbrici
1286 3831 1324 3891 et
1348 3845 1433 3911 ova,
1459 3821 1552 3894 nihil
1577 3821 1681 3897 aliud

186 3945 241 4022 'est
264 3947 331 4016 nisi
353 3936 443 4014 illud
474 3935 629 4039 spatium
655 3944 763 4013 eitum
789 3940 884 4010 inter
906 3941 1149 4010 membranam
1172 3936 1481 4012 submuscularem
1507 3954 1545 4012 et
1575 3966 1678 4015 mua-
1765 4034 1771 4041 δ

184 4051 286 4142 culos
306 4064 473 4161 corporis.
499 4060 600 4158 Saepe
622 4085 694 4131 non
718 4059 815 4133 valui
836 4059 981 4132 anferre
1007 4085 1090 4144 ora,
1113 4059 1190 4130 aine
1214 4057 1427 4162 laceratione
1460 4061 1677 4138 menrbranae

187 4182 256 4260 eub
275 4183 346 4281 qua
369 4179 622 4268 versabantur,
645 4193 683 4251 et
705 4205 820 4278 quum
844 4178 1036 4278 aliquando
1055 4205 1119 4252 ova
1138 4172 1371 4276 reperiuntur
1389 4183 1484 4254 inter
1504 4181 1577 4254 duo
1597 4182 1676 4256 dia—

186 4303 396 4406 phragmata
417 4314 454 4372 et
468 4300 615 4371 omnino
634 4289 768 4390 libera,
792 4299 961 4373 facillime
983 4299 1093 4400 hujus
1112 4298 1341 4398 pboenomeoi
1360 4303 1449 4374 ratio
1472 4304 1676 4377 invenitur.

186 4423 380 4500 Lumbrico
413 4418 720 4558 longitudinaliter
748 4404 891 4535 aperto,
921 4433 1036 4492 secata
1070 4419 1143 4492 luit
1166 4416 1406 4511 membrana,
1429 4434 1574 4519 apertus
1603 4422 1677 4497 suit

189 4528 338 4667 nonalia,
359 4539 399 4655 et
417 4534 481 4616 ova
502 4551 584 4640 quae
598 4541 646 4612 in
664 4537 760 4650 linei
781 4540 956 4612 ιιιιιιοιιιι
978 4550 1043 4614 aut
1063 4539 1175 4682 prope
1197 4539 1450 4635 occurrebant,
1477 4554 1676 4641 potuerunt

1271 4683 1316 4756 ³9

1828 1121 1874 1173 a·
