4200 5842
947 537 1101 639 (224)

278 705 424 813 jamjam
444 705 555 783 unius
577 701 826 781 tantummodo
847 701 944 779 borae
966 717 1129 804 temporo
1154 730 1247 807 aqua
1268 704 1493 781 rubescebat.
1527 706 1646 783 Istud
1670 708 1715 783 in
1741 734 1798 785 rm

279 831 411 907 tubum
425 826 711 904 extremitatibus
727 839 912 926 apertum,
928 851 1084 925 quarum
1099 827 1321 926 superiorem
1334 826 1559 903 claudebam
1572 852 1655 929 ope
1671 828 1797 931 digiti,

158 1022 163 1031 .
276 950 462 1049 introduxi
494 972 609 1047 usque
640 949 680 1019 in
710 946 889 1047 liquorem
921 945 1161 1039 colorantem,
1191 944 1310 1019 subita
1341 946 1589 1024 sublevabam
1637 948 1796 1053 digitum

278 1086 320 1147 et
336 1094 462 1146 rursus
481 1068 527 1153 ad
545 1069 723 1142 orificium
745 1066 826 1141 tubi
846 1066 1062 1166 adfigebam‚
1086 1068 1136 1140 ita
1154 1068 1252 1140 utin
1274 1081 1376 1167 parte
1391 1069 1570 1143 inferiori
1598 1070 1693 1145 tubi
1715 1098 1797 1173 por·-

277 1195 330 1277 tio
353 1190 518 1293 quasdam
539 1190 689 1290 liquoris
714 1187 816 1262 rubri
837 1212 1007 1287 suspensa
1032 1184 1245 1279 tenebatur3
1275 1187 1408 1263 tubum
1430 1192 1588 1264 extraxi
1609 1206 1657 1267 et
1677 1192 1794 1295 liquo

279 1339 357 1389 rem
390 1311 615 1409 microscopii
649 1333 717 1408 ope
753 1306 958 1406 exploravi:
991 1305 1146 1380 colorem
1180 1306 1351 1381 offerebat
1375 1308 1562 1403 rubrum,
1590 1312 1797 1413 reqnalun,

277 1433 440 1536 ejusdem
470 1432 652 1505 densitatis
684 1454 725 1501 ae
752 1430 898 1527 sanguis
925 1426 1225 1521 Lumbrioorum3
1259 1434 1456 1528 potentiam
1491 1432 1798 1533 amplificantem

277 1554 362 1630 vitri
383 1552 515 1627 adauxi
540 1573 656 1649 usqne
683 1549 728 1622 ad
744 1550 818 1619 200
844 1548 1034 1639 diametra,
1059 1547 1121 1620 sed
1143 1548 1277 1623 frustra
1302 1574 1346 1624 eo
1372 1549 1521 1650 liquore
1553 1554 1798 1656 requirebam

277 1673 459 1776 globulos:
487 1670 612 1743 nullus
637 1669 773 1742 aderat.

328 1794 393 1867 Ast
414 1791 539 1866 eadem
560 1790 701 1863 criteria
723 1791 762 1861 in
784 1787 960 1887 sanguine
982 1785 1167 1863 Lumbrici
1187 1789 1535 1887 animadvertimus3
1564 1792 1684 1873 tanta
1705 1800 1800 1877 enim

278 1928 356 1990 erat
380 1910 577 1985 similitudo
599 1923 644 1985 ut
665 1935 761 1985 unus
783 1909 903 2008 liquor
924 1934 989 2007 pro
1009 1908 1122 1981 altero
1144 1909 1251 1984 facile
1272 1910 1488 2005 haberetur,
1521 1940 1663 2015 usque
1683 1931 1801 1999 tamen

278 2047 502 2110 momentum
528 2057 600 2131 quo
622 2031 793 2104 exsiccari
821 2029 1056 2128 inceperunt:
1091 2043 1179 2103 tunc
1206 2032 1304 2103 enim
1325 2031 1470 2131 sanguis
1496 2034 1801 2117 Lumbi-inuram

278 2156 384 2230 fibras
409 2151 639 2247 ostendebat3
667 2151 787 2251 liquor
814 2150 991 2224 coloratus
1013 2150 1260 2224 musculorum
1291 2153 1556 2229 tantummodo
1589 2156 1801 2261 deponebat

278 2274 525 2350 membranam
550 2271 744 2347 animalem
768 2272 1014 2345 tenuissimam
1039 2269 1176 2344 nullius
1201 2270 1328 2344 t'ormoe
1351 2272 1541 2372 regularis
1564 2280 1707 2378 quoad
1732 2282 1802 2359 ab.

277 2408 399 2469 menta
426 2419 583 2494 quorum
610 2406 782 2492 praeterea
816 2391 1023 2481 existentia,
1051 2391 1106 2463 uti
1134 2415 1282 2490 corpora
1305 2390 1536 2491 peculiaria,
1567 2398 1802 2501 inspectione

278 2542 403 2591 rerum
428 2515 675 2589 demomtratu
698 2513 893 2587 admodum
916 2525 993 2584 erat
1019 2510 1182 2584 difficilis.

321 2636 481 2733 Sanguis
502 2658 588 2732 ergo
605 2631 947 2707 ruberAnnelidum
972 2632 1219 2731 repraesentari
1241 2632 1384 2707 videtur
1399 2633 1615 2715 involucro
1641 2646 1801 2721 materiei

278 2756 469 2832 colorantis
495 2752 723 2854 globulorum
752 2754 1032 2852 sanguineorum
1057 2751 1268 2826 animalium
1298 2752 1635 2856 vertebratorum,
1664 2762 1801 2863 liquem

163 2960 166 2966 A
278 2879 501 2976 homogeneo
528 2888 565 2948 et
591 2872 703 2947 llnido
730 2872 920 2947 dissolutae.

279 3150 1797 3197 Μ

798 3360 1247 3434 ADDITAMENTA

280 3560 361 3635 Ad
384 3528 584 3631 restionem
610 3566 780 3639 sextam,
806 3558 926 3635 tertiae
946 3559 1095 3651 portis,
1126 3572 1240 3654 capnt
1267 3561 1417 3632 tertium
1440 3559 1491 3632 ‹le
1501 3561 1800 3662 fecundam

659 3721 809 3767 ovorum
838 3721 1038 3795 eorumque
1065 3701 1275 3774 evolutione
1297 3701 1362 3799 (1).

927 3908 1114 3926 —ssu

328 4038 398 4109 Die
414 4034 461 4109 25
478 4031 630 4130 Aprilis,
654 4055 748 4103 anno
765 4034 880 4125 1827,
898 4031 1111 4109 clarissimus
1126 4038 1182 4110 vir
1198 4039 1353 4135 Robyns
1372 4039 1462 4112 mibi
1484 4042 1657 4122 tradidit
1676 4048 1798 4124 obser·

280 4159 460 4236 rationem
483 4157 522 4226 in
540 4151 689 4225 modum
709 4153 972 4251 propagationis
989 4152 1265 4231 Lumbricorum
1282 4160 1522 4235 terrestrium.
1545 4162 1651 4242 Haeo
1678 4166 1798 4245 obser-

279 4279 375 4353 vatio
400 4268 625 4349 confirmabit
646 4273 860 4344 sententiam
880 4298 989 4373 quam
1012 4272 1158 4377 jamjam
1182 4277 1416 4377 proclamavit
1438 4276 1517 4353 Cel.
1550 4284 1745 4383 lyonet,
1765 4300 1798 4363 et

244 4556 248 4563 Ι
278 4550 280 4555 ,
313 4489 358 4558 (ι)
374 4483 551 4542 Ooomionem
568 4483 639 4537 mibi
660 4483 754 4561 datam
772 4464 876 4556 gaudeo
895 4485 941 4538 blo
959 4495 1068 4557 gratum
1086 4486 1212 4539 animum
1229 4486 1378 4556 prestandi
1394 4502 1456 4559 erga
1477 4491 1632 4559 quosdam
1650 4496 1797 4553 m

280 4580 355 4634 viro·
372 4577 421 4653 qui
434 4575 506 4631 mibi
523 4575 643 4646 plurima
661 4574 764 4628 utendo
783 4574 956 4629 tradiderunt
970 4591 1052 4646 opera
1067 4575 1100 4629 do
1114 4575 1230 4631 historia
1244 4575 1367 4631 naturali
1382 4576 1527 4632 Lumbrioi
1547 4584 1689 4655 agenti..
1702 4586 1797 4645 clai..

279 4668 363 4723 aimus
377 4666 505 4737 Rodym,
522 4682 594 4719 unus
608 4682 643 4719 ex
658 4664 702 4718 hir
716 4662 896 4719 scientiarum
910 4665 1117 4735 blecaenatibnr,
1137 4666 1278 4722 ditissimas
1298 4667 1468 4722 bibliothecas
1486 4679 1515 4725 st
1531 4670 1671 4748 ingemi·
1686 4679 1797 4735 inmte·
