4244 5850
1096 489 1253 592 (112)

690 733 727 807 b.
778 733 914 808 Motus
946 730 1202 805 crusculorum
1230 712 1475 802 retractorum
1504 728 1715 827 spinarum.

475 902 612 975 Eorum
636 899 730 972 actio
752 899 873 974 minor
888 911 942 972 est
957 886 1069 998 quam
1092 897 1186 970 actio
1203 893 1454 968 musculorum
1472 894 1761 999 praecedentium
1782 912 1933 1000 propter

425 1026 603 1122 exiguum
631 1019 803 1094 fibrarum
834 1044 1046 1094 numerum.
1086 1017 1256 1090 Exterius
1285 1015 1447 1116 propulsi
1474 1017 1615 1090 actione
1643 1031 1933 1117 protractorum,

424 1157 638 1223 retractares
653 1142 788 1217 debent
802 1167 884 1219 suas
899 1141 1005 1217 fibras
1014 1141 1193 1216 inclinare
1207 1141 1247 1214 in
1260 1164 1407 1214 sensum
1418 1138 1624 1214 directionis
1644 1142 1845 1240 spinarum.
1861 1144 1934 1220 Sed

425 1293 542 1368 quum
562 1266 602 1341 hi
621 1268 827 1340 inserantur
849 1265 895 1339 ad
915 1265 1146 1340 altitudinem
1161 1263 1228 1338 ubi
1247 1265 1286 1336 in
1307 1286 1441 1362 corpus
1459 1260 1594 1337 debent
1620 1264 1776 1356 reverti,
1801 1289 1931 1343 eorum

426 1390 538 1482 ectio,
555 1387 654 1465 fibris
669 1387 953 1489 parellelismum
969 1413 1079 1462 suum
1090 1384 1347 1477 induentibus,
1363 1386 1403 1457 in
1415 1409 1458 1458 co
1473 1397 1637 1460 versatur
1648 1399 1691 1459 ut
1702 1386 1822 1486 spinos
1832 1390 1934 1464 intus

424 1509 612 1587 rctrshcnt
633 1511 801 1611 ipsusque
826 1509 967 1584 tamdiu
988 1515 1171 1584 retineant
1191 1505 1368 1610 quamdiu
1395 1530 1470 1579 non
1492 1519 1607 1605 egunt
1629 1520 1880 1606 protractores.

473 1631 711 1708 Manifestum
733 1645 788 1706 est
813 1632 993 1705 actionem
1021 1630 1153 1705 horum
1176 1628 1427 1704 musculorum
1449 1630 1596 1702 omnino
1624 1653 1700 1704 esse
1731 1634 1932 1734 oppositam

424 1753 558 1828 actioni
579 1751 829 1826 musculorum
856 1763 1134 1851 protracturum.
1168 1749 1283 1848 (Vide
1301 1749 1377 1824 Cel.
1401 1750 1537 1823 Crivier
1549 1749 1619 1825 loc.
1643 1752 1731 1850 cit.)

473 1875 655 1976 Descripsi
671 1899 754 1975 pag.
771 1874 822 1968 64
842 1874 963 1948 omnia
978 1899 1060 1974 quae
1076 1874 1115 1947 in
1127 1870 1405 1946 Lumbricorum
1419 1875 1667 1972 progressione
1681 1872 1929 1951 observantur.

754 2085 1049 2159 Observationes
1077 2086 1118 2157 in
1148 2096 1272 2156 motus
1299 2082 1599 2157 Lumbricomm.

415 2279 418 2286 ’
473 2249 677 2344 Numerus,
710 2250 917 2351 dispositio,
944 2251 1082 2347 forma,
1113 2265 1183 2325 etc.
1212 2251 1462 2327 musculorum
1488 2249 1622 2350 quibus
1653 2232 1774 2324 motus
1798 2248 1932 2327 diversi

422 2370 610 2447 Lumbrici
648 2373 826 2446 terrestris
861 2373 1110 2472 insigniuntur
1147 2372 1311 2447 efficiunt
1338 2385 1381 2446 ut
1409 2398 1526 2446 unum
1570 2396 1615 2444 ex
1653 2370 1851 2445 celerrimis
1884 2374 1931 2446 sit

424 2491 571 2566 animal.
606 2493 754 2592 Optime
779 2493 995 2568 assimilatur
1015 2492 1233 2568 Lumbricus
1258 2492 1424 2592 gradiens
1451 2491 1511 2565 filo
1537 2490 1635 2591 quod
1662 2491 1872 2567 extenditur
1894 2507 1933 2568 et

424 2610 551 2687 videre
577 2613 693 2685 estin
718 2637 828 2712 opere
850 2612 925 2686 Cel.
951 2614 1100 2711 lyonet
1124 2613 1245 2711 (notae
1265 2616 1384 2714 operis
1402 2614 1556 2687 Lesserr'
1568 2615 1582 2713 )
1609 2616 1768 2714 quinam
1791 2615 1931 2689 ratione

422 2731 486 2806 hlc
502 2746 630 2808 auctor
650 2733 746 2808 hanc
767 2737 1073 2835 comparutionem
1094 2737 1272 2811 instituat.
1304 2737 1424 2811 Motus
1443 2734 1630 2810 Lumbrici
1649 2749 1737 2809 sunt
1760 2734 1932 2813 diversis-

423 2855 505 2930 simi
526 2857 578 2930 ita
609 2870 652 2931 ut
678 2857 759 2931 illos
786 2883 911 2933 omnes
939 2859 1122 2959 explicare
1149 2861 1229 2933 ficri
1256 2885 1331 2934 non
1362 2872 1494 2960 posset.
1539 2859 1601 2930 Sat
1628 2859 1702 2932 fuir
1728 2859 1931 2959 precipuos

422 2976 641 3077 exposuisse.
678 2979 747 3052 Hic
771 2978 856 3054 dedi
878 2978 1041 3062 tabulam
1070 2981 1277 3087 generalem
1305 2981 1555 3058 musculorum
1580 2981 1645 3081 qui
1674 3005 1828 3055 numero
1856 2980 1931 3060 772

422 3102 463 3172 iu
482 3099 552 3175 hoc
575 3101 794 3179 animalculo
819 3117 996 3180 constant.

852 3395 991 3470 Tabula
1029 3396 1206 3496 generalis
1243 3395 1505 3490 musculorum.

1028 3608 1191 3676 Nonius.

694 3766 850 3843 Musculi
875 3767 1068 3845 annulares
1093 3769 1355 3844 transversales.
1400 3824 1408 3843 .
1439 3826 1447 3840 .
1477 3823 1486 3840 .
1516 3824 1524 3842 .

694 3866 850 3941 Musculi
875 3868 1068 3941 annulares
1093 3867 1243 3968 obliqui.
1279 3922 1524 3942 .......

694 3966 850 4041 Musculi
876 3967 966 4041 recti
989 3967 1167 4042 ventrales
1171 4020 1525 4042 ..........

695 4064 851 4139 Musculi
876 4067 966 4139 recti
991 4065 1158 4139 dorsales.
1203 4120 1525 4140 .........

693 4163 851 4239 Musculi
873 4177 1111 4264 protractorcs
1131 4165 1317 4264 spinarum
1321 4221 1525 4241 ......

694 4261 851 4336 Musculi
876 4278 1087 4341 retractores
1114 4267 1313 4367 spinarum.
1359 4319 1525 4340 .....

693 4360 851 4437 Musculi
875 4364 958 4438 oris.
1010 4416 1525 4439 ..............

694 4459 851 4537 Musculi
875 4464 935 4537 ani
939 4517 1525 4539 ................

1078 4629 1264 4708 Numerus
1276 4630 1540 4713 mutulorum.
1593 4634 1667 4714 772
