4244 5850
922 489 1122 608 (33)w

232 675 365 751 vermis
395 673 549 767 accedit,
578 674 772 773 segmentis
792 673 1028 748 circularibus
1048 677 1333 777 transversisque
1357 679 1528 776 finditur,
1551 709 1635 786 quoe
1656 711 1739 789 seg-
1775 758 1778 764 ,
1823 739 1825 744 ·

232 811 372 890 menta,
384 800 520 871 annuli
530 798 751 896 nuncupati,
771 795 928 869 maximi
943 798 1219 872 contractilitate
1237 800 1397 900 gaudent
1408 805 1503 903 (vid.
1519 823 1632 908 caput
1646 811 1739 910 seq.)

232 918 383 994 Duabus
408 943 494 995 vero
520 916 826 1011 extremitatibus,
852 942 1057 1017 numquam
1084 919 1271 1014 distentis,
1314 924 1550 1026 ejusdemque
1578 926 1658 1006 fere
1697 958 1742 1006 ac
1774 958 1967 1017 emim„

233 1065 365 1139 corpus
381 1038 549 1112 diametri
565 1040 800 1129 terminatur,
824 1040 989 1136 quamvis
1009 1053 1130 1113 tamen
1148 1047 1305 1117 anterior
1323 1052 1549 1142 extremitas,
1574 1076 1658 1151 quoe
1676 1079 1738 1129 ore
1756 1046 1864 1152 {m}
1875 1032 1967 1086 termi-

233 1159 382 1264 praedita
399 1187 464 1258 pro
489 1161 605 1258 capite
624 1158 788 1233 habenda
806 1173 877 1252 est,
898 1160 1008 1259 paulo
1023 1166 1138 1262 magis
1160 1166 1205 1238 ml
1227 1168 1428 1243 conoldiam
1455 1173 1607 1247 formam
1627 1201 1737 1274 quam

231 1284 344 1358 altera
366 1283 525 1356 accedat.
556 1281 695 1375 (iouus,
722 1284 787 1380 qui
807 1282 876 1356 huc
897 1297 1000 1381 parte
1018 1285 1214 1378 formatur,
1237 1305 1387 1387 apparet
1403 1292 1512 1389 paulo
1535 1320 1644 1393 supra
1670 1297 1739 1370 cli-
1772 1328 1903 1386 Aurerior
1918 1350 1967 1389 ex·

232 1405 385 1496 tellum3
414 1402 525 1504 hujus
547 1426 631 1476 vero
657 1427 748 1501 apex
776 1427 838 1475 ore
860 1404 1029 1496 finditur,
1058 1408 1122 1504 qui
1144 1433 1256 1479 conus
1280 1434 1322 1482 eo
1347 1411 1459 1512 major
1483 1415 1647 1490 minorve
1671 1420 1735 1510 fit,
1755 1400 1888 1454 tremisse.

233 1542 313 1601 tum
333 1524 508 1599 diametro
527 1551 611 1597 cum
628 1523 875 1623 longitudine,
899 1550 971 1624 quo
988 1553 1071 1625 pars
1086 1527 1163 1599 haec
1183 1532 1340 1603 ariterior
1364 1531 1535 1632 majorem
1559 1538 1736 1613 minorem

232 1650 514 1740 contractionem
537 1647 691 1744 patitur,
712 1671 794 1745 quae
811 1647 1071 1718 contractiones
1087 1645 1208 1718 locum
1225 1652 1408 1748 praecipue
1430 1652 1565 1726 habent
1581 1636 1740 1732 animale.

232 1795 307 1844 sese
337 1767 587 1860 distendente,
620 1766 829 1867 egrediente
856 1767 951 1838 terrai
965 1821 976 1859 ,
1018 1766 1075 1841 vel
1112 1794 1220 1867 supra
1256 1784 1388 1845 terram
1420 1790 1638 1874 prorepeute
1676 1779 1735 1856 vel

232 1893 345 1979 etiam<
364 1888 533 1962 alimenta
558 1901 738 1962 sumente.

282 2011 375 2103 Quis
393 2013 552 2109 ignorat,
571 2009 852 2082 illustrissimum
874 2009 1094 2104 Conquerum
1111 2012 1288 2087 rationem
1308 2016 1503 2110 iuvenisse,
1525 2046 1596 2118 qua
1614 2021 1734 2095 sacul-

232 2145 321 2207 tates
349 2130 611 2205 intellectuales
637 2129 852 2203 animalium
873 2130 1136 2203 aestimareutur
1156 2146 1210 2225 et,
1240 2147 1283 2206 ut
1308 2136 1357 2207 ita
1380 2135 1517 2230 dicam,
1541 2165 1732 2215 mensura-

231 2253 387 2330 rentur?
414 2253 506 2344 Quae
528 2255 618 2325 ratio
641 2265 762 2350 postea
784 2278 803 2324 a
833 2251 988 2324 Caverio
1010 2251 1240 2343 modificata,
1274 2254 1415 2352 angulis
1437 2255 1614 2332 facierum
1635 2262 1733 2334 uite-

231 2375 349 2451 batur.
380 2375 466 2448 Haec
493 2388 616 2445 tamen
637 2372 835 2446 observatio
863 2373 1113 2446 tantummodo
1138 2374 1353 2449 animalibus
1378 2377 1589 2452 vertebratis
1613 2382 1733 2482 appli-

232 2500 304 2572 cari
330 2510 470 2597 potest,
503 2493 798 2593 quandoquidem
829 2506 946 2565 cetera
975 2493 1143 2566 animalia
1171 2497 1360 2594 requisitas
1393 2499 1615 2574 conditiones
1658 2529 1737 2576 nou

228 2619 398 2710 offerant,
422 2618 560 2715 quippe
581 2641 662 2713 quae
685 2615 831 2687 nonnisi
856 2614 1032 2712 Apnthica
1054 2615 1113 2690 vel
1140 2616 1331 2690 Sensibilia
1358 2612 1471 2692 sunt.

278 2740 470 2839 Quidquid
481 2739 617 2837 egerim
640 2737 685 2811 de
707 2735 928 2827 Lumbricis,
953 2735 1046 2810 nihil
1070 2762 1262 2810 commune
1282 2736 1394 2812 *habet
1411 2765 1496 2812 cum
1514 2741 1649 2839 angulo
1672 2744 1731 2817 la-

229 2862 329 2955 ciali,
359 2885 408 2933 ne
439 2859 529 2931 mihi
556 2860 668 2958 igitur
696 2859 900 2955 imputetur
926 2859 1093 2933 voluntas
1121 2859 1285 2933 imitandi
1316 2875 1501 2935 auctorem
1523 2862 1729 2961 Batavum,

227 2983 407 3085 quidquid
427 2983 487 3055 hic
514 2981 691 3080 propino,
723 2978 815 3052 illud
840 2981 879 3051 in
900 3006 1049 3079 scopum
1078 2981 1206 3074 habet,
1229 2996 1273 3057 ut
1299 2982 1456 3081 angulus
1483 2982 1623 3060 duabus
1648 2988 1731 3060 coni

230 3102 511 3206 generatricibus
528 3100 722 3191 formatus,
746 3099 784 3171 id
802 3114 855 3172 est
873 3115 915 3174 ut
936 3102 1012 3200 ipse
1032 3128 1144 3174 conus
1166 3116 1408 3175 mensuretur.

275 3228 331 3300 Sit
351 3226 463 3323 igitur
483 3224 640 3295 anterior
661 3247 743 3320 pars
762 3220 948 3293 Lumbrici
970 3226 1148 3294 terrestris
1168 3224 1208 3295 iu
1233 3237 1358 3297 ventre
1378 3222 1504 3321 positi,
1528 3236 1571 3296 ut
1587 3224 1666 3324 fig.
1687 3229 1726 3299 2.

227 3348 511 3425 subsultet
531 3345 609 3443 fig.
633 3345 677 3436 3,
704 3342 866 3445 ejusdem
891 3341 962 3415 tab.
996 3343 1189 3419 indicatur.
1223 3344 1375 3442 Aprior
1401 3356 1455 3416 est
1477 3343 1634 3419 annulus
1664 3372 1727 3421 ore

226 3474 347 3563 fissus,
368 3469 419 3563 B,
433 3480 471 3540 et
480 3466 663 3565 sequentis
683 3486 799 3564 usque
814 3464 861 3538 ad
875 3464 1133 3539 duodecimum
1152 3479 1239 3539 sunt
1255 3465 1402 3557 annuli,
1424 3464 1599 3562 (ulterius
1617 3470 1728 3543 etiam

226 3604 350 3694 posset.
360 3587 528 3688 progredi
540 3589 565 3684 )
594 3584 702 3659 Nunc
723 3584 946 3661 discindatur
966 3587 1187 3663 vermiculus
1206 3586 1407 3659 secuudum
1436 3586 1622 3661 catethum
1645 3615 1727 3663 sus-

226 3709 561 3809 tentationisplauo
577 3719 615 3780 et
633 3732 764 3805 corpus
778 3708 818 3778 iu
834 3706 923 3780 duas
943 3721 1062 3806 partes
1079 3706 1234 3806 aequales
1251 3705 1493 3798 dividentem,
1517 3720 1607 3781 tunc
1622 3707 1725 3782 nobis

224 3832 447 3910 videbuntur
458 3827 586 3903 annuli
598 3828 773 3925 corporis,
786 3839 830 3901 ut
846 3841 1022 3926 apparent
1040 3829 1053 3925 (
1055 3827 1132 3926 fig.
1150 3830 1174 3896 2
1188 3839 1226 3898 et
1240 3825 1302 3921 3);
1319 3827 1348 3896 si
1362 3839 1533 3923 praeterea
1551 3840 1648 3900 recta
1663 3827 1725 3901 Ec

225 3956 382 4031 ducatur
408 3955 447 4024 iu
469 3974 593 4023 omnes
615 3949 817 4047 superiores
838 3947 1058 4021 annulorum
1079 3948 1339 4038 convexitates,
1368 3946 1418 4018 ita
1444 3959 1488 4019 ut
1508 3960 1659 4047 tangens
1677 3950 1725 4026 sit

224 4075 369 4178 singulo
389 4071 546 4163 annulo,
573 4071 609 4142 si.
626 4070 784 4168 denique
810 4067 878 4142 sub
900 4093 1048 4168 corpore
1068 4067 1179 4140 altera
1201 4065 1355 4139 ducatur
1375 4078 1472 4138 recta
1500 4068 1564 4140 DC
1596 4067 1724 4142 iisdem

224 4197 293 4274 snb
308 4190 593 4285 conditionibus,
610 4190 667 4263 hae
683 4189 776 4263 binae
792 4205 917 4283 rectae,
929 4214 1012 4289 quae
1023 4189 1089 4262 sibi
1100 4188 1256 4262 invicem
1268 4185 1448 4260 inclinatae
1460 4200 1564 4280 sunt,
1580 4186 1724 4272 sibimet

223 4327 415 4392 occurrent
432 4315 471 4385 in
492 4310 537 4403 C,
556 4325 593 4383 et
612 4309 787 4410 angulum
804 4309 1109 4409 qualemcumque
1126 4305 1338 4382 formabunt
1359 4305 1466 4380 ECD.
1492 4306 1559 4379 Hic
1573 4307 1722 4407 quidem

224 4435 381 4538 angulus
396 4434 542 4532 apicem
569 4429 716 4504 habebit
735 4431 810 4505 sive
831 4433 908 4530 ipso
932 4431 971 4501 in
987 4428 1236 4520 annulooris,
1261 4428 1399 4518 sivein
1425 4429 1595 4505 anteriori
1618 4442 1722 4527 parte

224 4571 262 4635 et
286 4560 327 4632 in
348 4555 556 4631 extensione
578 4551 690 4655 hujus
716 4554 859 4651 organi,
886 4564 923 4624 et
948 4550 1004 4624 hae
1027 4550 1109 4624 duae
1137 4561 1244 4623 rectae
1270 4547 1348 4642 EC,
1371 4548 1453 4642 DC,
1483 4552 1722 4648 generatrices
