4244 5850
1080 503 1243 604 (128)

423 698 653 777 organorum.
674 669 767 745 Vasa
786 669 985 745 saecularia
1004 670 1046 744 in
1060 668 1142 772 ejus
1159 668 1350 770 superlicio
1364 670 1551 745 terminari
1571 670 1758 748 ridentur:
1772 676 1920 775 nugata
2008 658 2011 663 ⁵

421 822 550 871 eorum
567 819 732 869 rasorum
750 792 801 866 ihi
817 789 1380 866 commiaoeturetdirersassibi
1400 795 1607 894 aperitrias
1623 795 1921 897 inillaaexiguaa

420 919 715 1009 ramilioationes3
730 915 865 989 anatis
875 914 1058 991 subflarua
1071 939 1183 1015 quem
1204 913 1282 987 sel
1298 915 1426 987 Home
1440 913 1570 988 habuit
1580 929 1754 1016 tnnqmm
1769 915 1920 1013 tubum,

420 1040 612 1117 pinsitum
621 1037 667 1110 ad
677 1063 745 1110 ora
756 1036 995 1136 praebentem,
1007 1038 1047 1108 in
1058 1037 1284 1136 pharyngem
1293 1033 1382 1107 abit.
1394 1034 1451 1107 Ad
1457 1048 1598 1134 partem
1608 1035 1689 1138 ejus
1696 1022 1919 1137 supuioiem

419 1177 459 1237 et
471 1163 689 1236 anteriorem
712 1162 871 1232 oocurrit
885 1159 1095 1252 cerebrum,
1114 1158 1221 1260 cujus
1234 1172 1290 1231 est
1303 1155 1579 1250 fulcimentum
1596 1157 1644 1230 ad
1658 1171 1799 1257 partem
1814 1186 1919 1235 suam

421 1283 621 1360 ventralem
643 1281 752 1355 fulcit
771 1307 929 1354 nervum
950 1295 1201 1355 recurrentem
1221 1307 1309 1355 cum
1328 1279 1409 1382 ejus
1428 1278 1771 1375 tamine-tionibus,
1797 1295 1868 1356 eto.

470 1406 599 1479 Forma
621 1403 733 1505 liujus
760 1404 887 1504 organi
911 1401 991 1476 lere
1012 1428 1204 1502 uunquam
1230 1403 1357 1476 variat.

956 1621 1003 1692 11.
1044 1623 1111 1694 De
1146 1621 1372 1719 OEsophugo.

195 1815 291 1871 ιιιοιιι
292 1813 334 1866 ια
362 1809 404 1865 ιι
470 1787 529 1864 Ab
556 1785 725 1861 omnibu
756 1783 963 1859 auctoribus
994 1786 1060 1884 qui
1086 1783 1133 1857 de
1158 1783 1357 1858 Lumbrico
1376 1797 1416 1856 et
1436 1783 1517 1885 ejus
1542 1785 1722 1858 anatomial
1746 1802 1921 1886 egerunt,

245 1880 363 1935 ‘nm
419 1909 650 1986 observatum
676 1905 772 1979 illud
789 1932 991 2006 organum,
1017 1906 1184 2006 qnaedam
1208 1907 1277 1979 alia
1303 1907 1426 1979 adhue
1443 1905 1593 1980 exhibet
1608 1933 1691 2007 qum
1707 1907 1798 1981 illos
1808 1910 1921 2010 fugo·

420 2046 529 2125 runt3
558 2028 865 2132 quemadmodum
890 2053 936 2101 ex
959 2027 1195 2128 sequentibus
1215 2028 1415 2127 apparebit

193 2166 315 2287 pposito
334 2162 424 2219 dirae
471 2153 712 2253 OEsophagua
738 2163 860 2224 ortum
888 2149 993 2222 ducit
1019 2149 1065 2221 ad
1093 2161 1233 2247 partem
1261 2150 1471 2222 inferiorem
1503 2149 1720 2249 pharyngis‚
1750 2149 1920 2253 dirigitur

211 2247 262 2367 lto,
234 2204 404 2356 oppugno
419 2280 531 2353 instar
553 2273 635 2349 tubi
655 2297 774 2374 nsque
793 2271 841 2345 ad
859 2272 1074 2373 ingluviem.
1099 2271 1187 2345 Plus
1209 2273 1332 2345 minus
1349 2284 1405 2344 est
1418 2269 1549 2369 longus
1571 2296 1638 2370 pro
1657 2271 1807 2345 dirersis
1820 2273 1920 2347 indi·-

420 2397 558 2486 viduis,
582 2408 622 2467 et
640 2391 835 2493 aliquando
855 2395 1012 2492 spatium
1034 2397 1058 2469 8
1081 2408 1146 2468 aut
1162 2398 1212 2466 10
1234 2393 1454 2467 annulorum
1474 2407 1641 2493 occupat
1663 2392 1754 2492 Ejus
1770 2395 1920 2470 directio

420 2532 474 2594 eat
495 2529 613 2608 recta,
646 2519 727 2588 rard
751 2516 907 2588 sinuosa.

293 2651 384 2707 notor.
469 2634 652 2711 Variat
618 2660 699 2737 epus
719 2633 837 2708 color:
855 2634 961 2708 modo
976 2648 1031 2708 est
1044 2635 1228 2710 subflarus
1234 2635 1443 2771 ‚pallidus,
1463 2635 1570 2709 modo
1589 2634 1789 2730 obscurior,
1814 2638 1919 2712 modo

418 2756 594 2851 ιίιιῶις
583 2780 777 2829 innumera
800 2757 901 2856 copia
919 2754 1149 2829 vasculorum
1164 2756 1447 2855 sanguineorum
1468 2756 1548 2858 ejus
1561 2756 1717 2831 oolorem
1730 2761 1920 2859 proprium

417 2879 528 2953 etiam
546 2877 784 2950 modificant
772 2900 967 2976 ipsumque
989 2900 1133 2951 roseum
1154 2875 1327 2950 efficiunt.
1391 2922 1399 2938 ·

393 3000 642 3074 Plurimoe
677 3012 798 3098 partes
827 3002 867 3072 in
898 2999 1096 3100 oesophago
1123 2998 1403 3074 discernuntur:
1454 3003 1495 3072 10
1526 3000 1661 3073 canalia
1684 3000 1921 3102 oesophageus

215 3032 295 3138 “⁰⁰¹¹
316 3028 391 3136 „2¹¹¹
417 3119 610 3223 proprii
583 3145 635 3193 uo
654 3118 791 3211 dictus,
816 3123 858 3192 2⁰
881 3120 1088 3194 membrana
1112 3120 1340 3222 glanduloaa,
1365 3122 1406 3196 3⁰
1427 3122 1557 3197 circuli
1577 3148 1680 3222 quan
1668 3123 1920 3224 cartilagiuei

416 3241 549 3341 quibus
573 3239 706 3314 canalis
726 3239 991 3334 circumdatur,
1018 3244 1061 3336 40
1084 3241 1265 3341 glandulae
1280 3242 1522 3342 oesophageae.

672 3486 709 3531 α.
763 3461 826 3531 De
853 3463 987 3533 canole
1018 3463 1253 3561 oeoopbogeo
1290 3465 1442 3559 proprie
1469 3465 1527 3534 sic
1556 3461 1669 3537 dieto.
1721 3530 1727 3539 .

270 3655 383 3713 Potitio·
468 3646 537 3720 llic
564 3646 696 3720 canalis
726 3648 886 3721 nascitur
914 3648 957 3722 ad
986 3651 1163 3747 orificium
1197 3652 1352 3726 inferius
1382 3666 1421 3725 et
1451 3653 1637 3726 internum
1662 3650 1859 3752 plraryngis
1882 3668 1920 3728 et

419 3767 602 3868 usquead
626 3767 826 3869 ingluviem
853 3771 1094 3869 protenditur.
1120 3773 1302 3847 Alimenta
1325 3774 1547 3846 transmittit.
1570 3771 1717 3847 Nullam
1733 3787 1920 3846 extumes-
1994 3856 2001 3869 ⁰

361 3932 367 3943 ·
419 3889 575 3964 centiam
597 3890 665 3963 nisi
688 3914 811 3965 versut
837 3905 976 3991 purtem
1002 3895 1254 3992 posteriorem,
1279 3908 1473 3993 antequam
1495 3893 1541 3967 nd
1565 3886 1766 3993 ingluviem
1791 3895 1920 3967 termib

418 4022 545 4104 netur,
570 4009 718 4085 exhibet
739 4011 753 4108 (
766 4011 848 4087 vide
870 4040 941 4101 nn,
961 4029 1032 4088 etc.
1042 4015 1121 4114 fig.
1148 4019 1166 4087 1
1193 4029 1232 4088 et
1251 4018 1286 4086 2.
1310 3998 1388 4086 tob'.
1412 4013 1467 4085 X.
1498 4014 1596 4112 bis.)

228 4148 397 4205 Membrana.
471 4131 617 4205 Constat
636 4131 845 4207 membrani
864 4136 1191 4229 semitranslucidu,
1215 4136 1401 4235 laevigata,
1424 4136 1545 4229 molli,
1568 4134 1717 4235 equali,
1741 4137 1819 4209 sine
1843 4136 1919 4212 ulll

419 4253 628 4353 asperitate,
661 4266 698 4326 et
724 4251 878 4327 obducit
912 4255 1113 4330 innumeris
1138 4257 1292 4330 vasculis
1325 4257 1543 4357 sanguineis.
1588 4255 1676 4357 Ejus
1708 4255 1805 4331 fibroe
1833 4273 1920 4332 sunt

288 4376 386 4431 titre.
419 4371 717 4473 longitudinales,
740 4373 933 4473 parallelae.
968 4376 1036 4450 Hic
1063 4378 1195 4450 canalis
1221 4377 1414 4478 paululum
1439 4377 1663 4452 contrahitur
1688 4377 1733 4450 ad
1759 4378 1919 4479 singulas

419 4496 689 4568 intersectionea
716 4492 1049 4597 diaphragmatum,
1071 4500 1135 4574 sed
1155 4500 1257 4579 brevi
1275 4500 1445 4575 ‹lilutatur
1466 4499 1618 4572 introitu
1641 4497 1835 4600 cujusdam·
1849 4498 1920 4573 ali-

421 4615 605 4691 mentarioe
634 4612 853 4692 substantiae.
