4244 5850
913 518 1070 642 (175)

235 688 418 779 moelem,
445 684 634 762 nidlamve
656 683 871 758 relationem
895 683 1069 759 directam
1095 697 1189 761 cnm'
1205 686 1334 759 orariis
1363 684 1497 761 habere
1526 686 1740 782 videantur,

235 810 312 889 (iel.
348 810 506 895 Cuvier,
543 807 754 893 Lamarck‚
794 807 996 904 Montdgre
1008 858 1023 892 ,
1057 808 1243 906 opinantes
1267 806 1406 883 nullnm
1434 808 1741 887 introductionem

233 934 393 1035 partium
411 930 533 1005 ldcum
555 928 704 1020 habere,
727 927 899 1002 dixerunt
921 934 1056 1001 coitum
1079 929 1210 1002 borum
1224 929 1435 1004 animalium
1452 930 1683 1029 probabiliter
1698 937 1739 1009 in

234 1076 278 1128 cn
301 1077 409 1151 acopo
435 1051 569 1126 versari
597 1062 640 1122 ut
659 1073 735 1122 sese
764 1049 921 1124 invicem
951 1050 1110 1122 excitent
1140 1064 1178 1123 ct
1201 1053 1355 1150 orgasmi
1378 1066 1513 1126 statum
1535 1054 1740 1152 producant
1830 1050 1835 1061 ¹

234 1198 307 1274 quo
336 1171 509 1271 quodque
534 1169 768 1245 individuum
789 1193 828 1241 se
854 1171 974 1267 ipsum
1001 1170 1186 1243 fecundat.
1217 1171 1390 1267 (Dissert.
1424 1174 1479 1248 cl.
1513 1177 1736 1275 Montdgre,

234 1291 365 1366 Annal.
388 1290 439 1364 du
459 1289 553 1362 Mus.
577 1288 645 1361 loc.
670 1287 802 1384 laud).
833 1287 887 1359 Cl.
908 1289 1108 1386 Montdgre
1132 1285 1348 1389 appendices
1374 1295 1614 1392 generatrices
1632 1299 1739 1372 inve-

234 1412 315 1504 nit,'
342 1408 408 1484 sed
429 1407 596 1484 confudit
619 1409 711 1506 ipsas
737 1434 822 1481 cum
847 1409 1068 1508 segminibus
1089 1414 1302 1510 epidamnae,
1331 1413 1453 1488 liberis
1475 1430 1512 1488 et
1535 1442 1616 1516 quae
1650 1416 1740 1491 sub-
1832 1440 1836 1449 ·

220 1531 350 1631 ¹levata
369 1529 564 1606 ostendunt
588 1530 674 1603 alios
692 1556 796 1630 poros
815 1532 929 1631 magis
948 1531 1068 1604 adhuc
1091 1535 1240 1633 exiguos
1262 1559 1372 1632 quam
1395 1537 1529 1608 fissura
1556 1550 1740 1613 transver-

233 1676 295 1729 sas.
330 1651 488 1744 casuro,
510 1650 556 1724 de
575 1650 644 1723 hoc
668 1652 708 1723 in
732 1653 849 1750 capite
871 1654 1037 1752 sequenti
1058 1679 1220 1752 agemus.
1259 1654 1383 1727 Coitus
1404 1667 1442 1726 et
1467 1656 1677 1730 fecundatio
1699 1660 1738 1731 in

233 1771 473 1849 Anuelidibus
492 1771 702 1871 producunt
723 1775 924 1847 ovationem
950 1790 1013 1848 aut
1034 1776 1175 1848 exitum
1197 1774 1399 1848 viventium
1419 1774 1739 1850 aniinalculorumr

233 1890 410 1984 Quadam
441 1890 553 1992 hujus
589 1891 707 1964 classis
740 1893 932 1985 animalia,
972 1909 1009 1966 et
1039 1898 1134 1967 iuter
1170 1893 1249 1966 haec
1288 1891 1505 1966 Lumbricus
1536 1893 1737 1969 creduntur

235 2013 496 2112 ovo-rivipara.

279 2130 410 2207 bladus
424 2132 667 2232 generationis
681 2131 903 2205 Annelidnrn
919 2132 1139 2205 demonstrat
1151 2137 1258 2229 quarn
1275 2131 1444 2207 inualida,¹
1459 2135 1532 2204 sint
1549 2133 1622 2206 illae
1643 2134 1737 2212 clas-

231 2251 444 2325 silicationes
464 2249 650 2350 generales
664 2250 877 2323 animalium
899 2250 961 2323 ubi
986 2253 1212 2324 transitiones
1232 2276 1299 2349 per
1321 2252 1474 2324 annulos
1490 2252 1678 2351 regulares
1697 2231 1736 2327 et

231 2383 618 2469 constantesauctores
643 2391 786 2445 servare
807 2372 1015 2447 voluerrmt.
1041 2371 1210 2460 Etenim,
1231 2372 1261 2441 si
1283 2369 1480 2443 Annclides
1500 2371 1546 2443 ad
1566 2373 1736 2446 animalia-

171 2480 175 2485 *
232 2492 398 2567 etesium
419 2493 650 2590 superiorum
677 2489 857 2562 accedunt
878 2501 1068 2588 systemate
1092 2515 1156 2562 sno
1186 2490 1413 2565 circulatorio
1440 2490 1591 2589 aliisque
1618 2507 1733 2593 syste-

230 2611 403 2704 mtibns‚
431 2637 505 2688 non
528 2611 651 2683 minus
677 2622 799 2682 tamen
824 2635 954 2683 verum
982 2623 1035 2681 est
1058 2609 1137 2682 illas
1162 2609 1207 2684 ab
1234 2611 1290 2684 bis
1317 2612 1423 2685 modo
1446 2613 1737 2711 reprcductionis

231 2733 425 2808 discedere.
448 2732 615 2806 Fuerunt
631 2731 811 2805 collocatsc
834 2745 1018 2831 tamquam
1034 2731 1203 2831 praesides
1220 2732 1433 2806 animalium
1456 2734 1731 2811 articulatorum

229 2858 313 2928 aute
331 2850 526 2927 Crustacea
540 2865 581 2925 et
599 2852 768 2924 Insecta
757 2878 796 2924 rn
814 2850 947 2950 quibus
969 2853 1074 2925 ambo
1095 2878 1203 2926 sexus
1221 2866 1308 2924 sunt
1328 2836 1489 2925 distincti
1503 2866 1541 2925 et
1559 2857 1730 2953 separati,

230 3000 304 3076 qno
324 2974 468 3048 criterio
489 2985 588 3047 certe
606 2973 719 3071 magis
736 2997 846 3071 quam
866 2972 1060 3045 Annelides
1080 2998 1166 3045 cum
1186 2970 1354 3044 classibus
1375 2971 1619 3068 superioribus
1634 2998 1731 3045 .·-con

227 3092 460 3210 junguntur
470 3092 651 3169 catarum
677 3092 862 3171 Lumbrici
888 3093 1181 3190 reproducuntur
1201 3090 1564 3190 hermaphroditismo
1588 3093 1730 3190 etqui

228 3215 311 3291 dam
331 3240 400 3317 per
418 3198 642 3306 scissionem,
664 3212 761 3312 quod
775 3212 977 3286 secundum
995 3212 1255 3287 nonnadlorum
1273 3225 1415 3285 naturae
1430 3210 1728 3311 philosophorum

229 3338 431 3441 Ques,
446 3348 613 3410 catenam
627 3332 898 3407 immediatam
886 3346 983 3409 mter
1001 3332 1169 3407 animalia
1190 3345 1228 3407 et
1243 3331 1455 3433 vegetabilis
1479 3334 1729 3408 constitueret

764 3565 925 3639 CAPUT
972 3564 1176 3640 PRIMUM.

538 3757 587 3804 DE
628 3754 811 3805 ORGAMS
852 3754 1160 3804 Genusmonts
1198 3755 1408 3804 meumst

274 3925 421 4028 Duplex
443 3952 558 4029 genus
577 3952 793 4026 organorum
824 3927 1064 4026 generationis
1082 3925 1291 4027 distinguo:
1315 3925 1472 4002 mascula
1489 3937 1529 4000 et
1548 3926 1724 4001 feminea-a

696 4140 734 4212 1
787 4139 850 4212 De
874 4141 1028 4238 organis
1054 4138 1248 4212 masculis.

269 4330 439 4409 Nm
464 4332 695 4431 ⁶¹P⁰⁸Uifflt¹⁸
719 4333 932 4406 senteutiam
957 4332 1002 4405 de
1030 4332 1227 4431 appendice
1255 4333 1476 4432 generatrice
1503 4354 1612 4429 quam
1640 4328 1715 4402 Cel
1736 4343 1910 4401 Historias.
1902 4362 1950 4401 ..a

225 4452 486 4529 Fabricius
436 4503 451 4540 ,
475 4477 516 4525 rn
541 4451 665 4526 Fauni
694 4451 760 4527 sni
788 4451 1119 4547 Groenlandica,
1108 4480 1180 4556 lam
1209 4466 1393 4551 tamquam
1423 4452 1526 4550 penis
1559 4450 1716 4549 speciem
1784 4413 1907 4468 mmm*

223 4570 424 4668 babuerat}
446 4573 569 4673 igitur
593 4571 844 4647 tautummodo
874 4573 1057 4676 reliquum
1083 4588 1137 4648 est
1164 4598 1273 4674 agere
1297 4572 1349 4647 de·
1379 4572 1520 4672 organis
1549 4571 1721 4647 masculis.

222 4696 394 4789 internis,
418 4693 556 4772 scilicet
576 4692 621 4769 de
651 4695 866 4770 Testiculis.
