4244 5850
775 552 778 565 ·
903 529 1033 628 (39)

669 810 871 888 CAPUT
937 807 1291 885 SECUNDUM.

724 1043 772 1090 DE
808 1038 999 1090 EXTERNIS
1042 1040 1232 1090 onustus.

772 1225 817 1298 A.
848 1194 851 1199 ’
879 1226 940 1297 ne
971 1226 1168 1298 Annum.
1270 1244 1272 1248 ·

275 1451 401 1550 Capite
422 1448 642 1549 praecedenti
667 1458 795 1520 notum
818 1444 991 1534 fecimus,
1009 1445 1049 1515 in
1071 1445 1283 1519 universum
1304 1443 1583 1545 Lumbricmum
1599 1470 1730 1545 corpus

222 1597 268 1646 ex
283 1573 374 1644 serie
391 1573 687 1644 intersectionum
700 1570 775 1641 sive
794 1565 1027 1639 annularium
1043 1578 1311 1664 segmentorum
1324 1566 1490 1659 conflari,
1503 1580 1541 1640 et
1555 1580 1729 1666 praeterea

224 1691 401 1784 diximus,
425 1692 495 1765 hoc
510 1692 696 1766 Lumbrici
717 1711 911 1763 commune
928 1683 1061 1759 habere
1073 1712 1158 1760 cum
1176 1688 1342 1761 omnibus
1359 1688 1569 1761 articulatis.
1581 1689 1629 1759 Hi
1645 1690 1730 1788 qui-

225 1812 307 1886 dem
330 1812 458 1885 annuli
481 1812 676 1885 admodum
699 1810 863 1909 angusti,
885 1831 996 1904 quam
1019 1808 1175 1879 maxime
1195 1807 1339 1882 sibimet
1356 1811 1442 1907 ipsis
1458 1809 1612 1901 admoti,
1635 1807 1729 1882 nihil
1765 1863 1768 1866 -

225 1932 324 2006 aliud
348 1957 475 2007 revera
501 1945 606 2023 sunt,
640 1931 709 2002 nisi
742 1927 935 2002 circulares
972 1927 1152 2020 musculi;
1179 1929 1322 2029 hocque
1346 1956 1432 2005 cum
1460 1932 1509 2002 ita
1541 1932 1608 2022 sit,
1640 1944 1729 2003 tunc

223 2046 449 2129 solummodo
459 2054 505 2128 de
521 2055 652 2127 harum
672 2055 831 2152 partium
848 2049 1029 2122 structuri
1046 2062 1084 2121 et
1095 2048 1251 2124 motibus
1266 2051 1411 2150 loquer,
1428 2076 1544 2150 quum
1560 2051 1606 2123 de
1626 2075 1730 2123 mus-

226 2175 318 2248 culis
340 2201 444 2274 agam
458 2202 468 2269 3
483 2175 559 2247 ¹hie
586 2176 696 2248 unice
718 2198 833 2247 sermo
861 2173 932 2244 erit
957 2171 1003 2243 de
1024 2171 1245 2247 annulorum
1267 2197 1445 2265 numero,
1474 2175 1590 2272 figura
1620 2186 1659 2246 et
1683 2171 1730 2245 de

224 2296 416 2385 varietate,
441 2293 513 2394 quai
536 2295 574 2366 in
598 2293 746 2370 diversis
767 2289 1003 2391 positionibus
1028 2289 1248 2367 afficiuntur.

273 2415 505 2488 Annulorum
528 2439 704 2488 numerus
724 2439 797 2485 non
821 2412 945 2485 multis
967 2414 1199 2488 varietatibus
1221 2415 1400 2511 obnoxius
1423 2414 1591 2506 videtur,
1615 2428 1653 2488 et
1669 2439 1730 2489 re·
1747 2437 1884 2512 Numerus
1902 2430 1957 2482 sm

224 2562 307 2614 vera
341 2537 489 2637 quidem
513 2538 593 2610 fere
620 2536 717 2609 idem
747 2549 800 2608 est
824 2537 864 2608 in
894 2537 1029 2633 exiguo
1051 2536 1246 2609 Lumbrico
1277 2563 1319 2608 ac
1346 2539 1386 2609 in
1417 2536 1550 2637 majore
1581 2521 1731 2609 latioie-
1747 2521 1851 2575 ”W
1873 2502 1955 2553 “iffi

224 2684 314 2759 que,
342 2662 508 2758 quamvis
534 2672 656 2731 tamen
681 2672 821 2731 naturae
847 2682 970 2730 rerum
1002 2658 1274 2758 investigatores
1311 2661 1529 2733 mutationes
1557 2658 1732 2758 quasdam

219 2780 335 2856 hocce
351 2787 391 2855 in
407 2807 562 2855 numero
579 2781 828 2869 observarent,
847 2780 917 2851 hoc
937 2806 1002 2879 pro
1013 2782 1179 2879 specifico
1191 2781 1397 2854 charactere
1409 2783 1447 2852 in
1465 2804 1599 2880 genere
1614 2784 1731 2854 Lum-

222 2902 362 2976 hricino
381 2928 455 2975 non
477 2916 640 2974 sumunt.
678 2902 754 2973 Hoc
778 2902 855 2974 fieri
877 2915 996 2974 tamen
1020 2917 1138 3001 posset
1164 2904 1282 3000 quoad
1302 2903 1455 2977 annulos
1481 2903 1526 2975 ad
1552 2902 1731 2977 clitellum

225 3048 342 3122 usque
368 3050 388 3095 o
412 3024 530 3120 capite
558 3036 741 3111 extensos,
771 3048 926 3121 quorum
957 3049 1134 3097 numerus
1158 3036 1322 3096 constans
1345 3022 1404 3098 vel
1425 3022 1551 3095 saltem
1577 3024 1732 3096 minime

224 3142 403 3218 variabilis
421 3128 577 3217 videtur.
595 3141 676 3216 Non
690 3143 786 3215 idem
803 3158 856 3216 est
872 3144 916 3216 de
936 3146 1079 3218 annulis
1090 3146 1266 3220 clitellunr
1283 3144 1581 3244 insequentibus,
1590 3145 1732 3243 quippe
1756 3194 1758 3199 ,

225 3268 288 3365 qui
311 3267 433 3338 minus
449 3267 634 3365 conspicui
652 3290 761 3363 quarn
779 3266 1040 3366 praecedentes,
1058 3266 1230 3367 quasdam
1246 3264 1406 3340 subeunt
1421 3267 1629 3357 varietates,
1646 3289 1731 3363 quae
1858 3281 1867 3296 ·

224 3385 268 3460 ab
285 3399 390 3460 aetate
406 3398 443 3458 et
458 3384 503 3458 ab
519 3384 715 3486 adjunctis,
733 3388 861 3486 inquo
878 3389 1011 3462 animal
1028 3403 1209 3481 versatur,
1232 3388 1405 3487 pendent.
1424 3389 1602 3460 Praeterea
1621 3386 1733 3486 longe

140 3536 147 3547 ·
225 3505 316 3581 mihi
335 3505 597 3605 anteponendae
614 3505 659 3577 ad
681 3505 991 3581 classificationum
1015 3512 1171 3609 speciem
1198 3510 1370 3585 videntur
1392 3508 1656 3583 observationes
1682 3532 1729 3581 ex

223 3626 423 3701 locomotus
444 3652 661 3726 organorum
688 3629 779 3700 serie
801 3644 973 3728 sumptae,
996 3635 1134 3731 quippe
1161 3634 1224 3732 qui
1250 3631 1378 3704 annuli
1404 3657 1478 3704 non
1498 3643 1642 3704 tantum
1666 3656 1733 3705 va-

222 3750 315 3823 riare
339 3762 506 3848 possunt,
528 3747 648 3820 sedet
670 3750 778 3821 etiarn
797 3754 944 3825 omuino
965 3753 1164 3851 disparere,
1194 3779 1270 3826 sese
1295 3752 1522 3852 aggregando
1539 3752 1596 3826 vel
1619 3753 1729 3825 etiarn

224 3895 262 3943 se
283 3869 428 3943 sibimet
450 3869 629 3962 uniend03
653 3885 690 3943 et
712 3887 886 3969 praeterea
908 3901 1003 3973 saepe
1024 3879 1062 3948 in
1090 3874 1328 3947 Annelidibus
1350 3899 1434 3972 pars
1456 3874 1621 3972 quaedam
1645 3899 1728 3946 cor-

223 3992 321 4091 poris
347 4018 368 4063 a
395 4004 470 4064 toto
495 4015 646 4089 corpore
674 4007 878 4089 separatur,
902 3997 1016 4069 olium
1043 4011 1084 4069 ut
1108 3996 1285 4096 producat
1313 3994 1580 4083 vermiculum,
1613 4006 1656 4066 ut
1685 3991 1730 4064 ab

223 4115 369 4213 egregio
397 4113 548 4183 Bonnet
569 4111 796 4185 observatum
820 4114 893 4187 suit
916 4115 1035 4215 quoad
1058 4117 1278 4188 Lumbricoo
1305 4115 1522 4210 variegatos
1547 4115 1660 4184 Lino.

272 4234 317 4306 In
338 4232 534 4307 Lumbrieo
556 4237 716 4307 terrestri
741 4261 917 4309 numerus
944 4238 1163 4312 annulorum
1187 4263 1206 4307 a
1237 4239 1311 4306 120
1334 4232 1519 4331 usquead
1543 4233 1616 4306 150
1640 4258 1726 4331 pcr-
1762 4265 1907 4320 Numerus

221 4359 335 4431 venit.
375 4356 589 4427 Blainville
622 4355 744 4454 judice
773 4384 793 4429 a
829 4362 902 4429 100
933 4359 978 4432 sd
1012 4361 1098 4450 140.
1143 4359 1232 4453 Ray
1263 4355 1421 4429 eundem
1463 4356 1622 4445 invenit,
1663 4355 1726 4427 'sed

222 4490 260 4549 et
281 4475 343 4549 ille
364 4502 558 4567 numerus,
580 4478 865 4578 eit,-aliquando
889 4492 1065 4554 mutatur..
1095 4477 1422 4555 OthoFabricius
1447 4475 1517 4566 143
1541 4489 1723 4548 numerat.

138 4688 142 4693 ,
222 4597 404 4670 Limus
417 4599 559 4674 invenit
580 4625 600 4672 a
619 4603 689 4679 117
708 4602 834 4676 2133.
856 4602 993 4676 Crevier
1010 4601 1132 4706 judice
1155 4599 1201 4674 ad
1220 4602 1293 4671 120
1309 4611 1347 4671 et
1363 4595 1461 4696 quod
1484 4598 1657 4671 excurrit.
1681 4596 1725 4670 In
