4244 5850
894 524 1007 624 (127
1034 501 1055 624 )²

263 701 388 803 Margo
408 699 572 802 superior
591 709 647 770 est
664 692 946 796 subsphaericus,
966 693 1170 793 perforatus
1192 694 1346 769 cavitate
1367 695 1639 797 rotundb,.quae
1657 724 1717 772 re·
1735 714 1830 796 uirga
1851 734 1929 788 supe-

212 824 384 898 lationcm
405 823 503 895 inter
524 844 562 892 os
575 831 615 892 et
631 815 866 918 oesophagum
884 815 1081 888 constituit.
1106 814 1229 915 Margo
1246 815 1356 918 hujus
1375 818 1536 892 cavitatis
1557 830 1611 892 est
1625 845 1719 922 saepe
1792 802 1857 842 ¹¹⁰⁸

213 945 383 1037 callosus,
417 957 456 1019 et
487 942 594 1015 faciei
618 941 771 1012 internae
792 934 906 1035 hujus
934 936 1139 1011 callositatis
1156 939 1328 1012 inseritur
1355 939 1565 1015 membrana
1588 941 1719 1016 infun-

213 1067 457 1144 dibuliiormis
479 1060 525 1139 de
551 1060 624 1162 qula
650 1060 791 1135 fuimus
812 1057 938 1131 locuti.

262 1189 387 1290 Margo
420 1185 572 1259 inferior
592 1182 788 1283 pharyngis
813 1178 907 1250 nihil
944 1177 1101 1251 notabile
1137 1179 1285 1253 exhibet
1315 1183 1384 1253 nisi
1416 1183 1513 1281 quod
1545 1184 1717 1260 inserviat
1734 1204 1828 1286 Margp
1846 1207 1915 1262 iute-

212 1311 342 1414 puucti
361 1307 566 1381 insertionis
587 1302 665 1376 loco
693 1299 808 1374 canali
833 1299 1029 1400 oesophagi.
1058 1295 1126 1372 Hic
1148 1300 1210 1374 ille
1232 1301 1390 1376 adhaeret
1410 1318 1582 1402 tanquam
1607 1305 1717 1380 tubus
1791 1292 1856 1331 ‘¹⁰¹'

212 1428 534 1532 perpendicularis.

263 1553 388 1625 Facies
416 1563 564 1623 externa
590 1545 785 1647 pharyngis
808 1557 863 1616 est
892 1543 1006 1648 laevis,
1036 1544 1169 1636 mollis,
1196 1547 1347 1640 viscosa,
1383 1548 1520 1647 prabet
1541 1550 1714 1648 plurimas
1724 1573 1941 1634 Faciesexterna.

214 1672 426 1775 callositates
445 1694 574 1769 parum
597 1664 799 1756 sensibiles,
824 1664 1055 1755 rotundatas,
1079 1669 1234 1764 speciem
1260 1669 1351 1741 sulci
1373 1671 1551 1745 verticalis
1574 1675 1613 1743 in
1630 1699 1716 1771 par-

213 1807 288 1867 tem
316 1790 518 1868 ventralem
547 1789 820 1887 imprimentes3
857 1787 920 1885 qui
950 1785 1082 1859 sulcus
1102 1813 1258 1863 nervum
1286 1805 1534 1864 recurrentem
1561 1792 1716 1868 includit

214 1940 300 1989 cum
322 1914 552 1988 extremitate
568 1910 658 1984 vasis
679 1906 873 1983 vascularis
895 1909 1043 1981 ventris.
1070 1908 1205 1983 Praeter
1221 1910 1299 1984 illas
1317 1910 1534 2005 inflationes,
1555 1938 1716 1987 cernun-

211 2046 274 2111 tur
298 2033 419 2109 udhuc
445 2032 491 2107 ad
520 2032 652 2105 faciem
682 2043 868 2107 externam
894 2029 1111 2129 appendices
1141 2030 1424 2106 membranaceae
1451 2059 1557 2132 quae,
1593 2048 1715 2109 ortum

212 2155 386 2231 dimontes
407 2153 454 2227 ad
477 2152 643 2253 quosdam
663 2151 858 2252 pharyngis
882 2164 1034 2249 puncta,
1059 2165 1217 2250 vergunt
1241 2151 1287 2226 ad
1308 2167 1427 2253 partes
1450 2154 1715 2229 circumdantes

211 2274 399 2353 involucri
413 2274 570 2367 carnosi,
596 2271 671 2345 illoe
695 2269 910 2369 appendices
932 2295 1108 2368 organum
1132 2272 1171 2344 in
1194 2275 1371 2371 positione
1395 2273 1575 2373 aptissimi
1596 2275 1715 2348 conti-

211 2411 324 2493 nent,
352 2396 516 2473 ceteriam
532 2393 802 2494 diaphragmata
825 2392 926 2463 hunc
944 2389 1116 2465 effectum
1133 2392 1325 2494 adaugent.
1347 2395 1540 2496 Pharynge
1557 2397 1597 2470 in
1615 2397 1715 2471 alco-

210 2518 295 2594 hole
317 2530 535 2594 commorato
547 2571 557 2610 ,
580 2516 652 2590 illae
676 2513 949 2588 ramificationes
971 2511 1168 2587 admodum
1190 2528 1275 2588 sunt
1298 2513 1466 2589 visibiles.

259 2665 382 2738 Facies
402 2665 545 2737 interna
570 2676 635 2737 aut
654 2660 717 2735 illa
742 2683 826 2760 qnae
849 2657 1015 2731 efformat
1039 2658 1187 2732 initium
1211 2660 1344 2732 canabe
1366 2662 1595 2763 oesophagei,
1618 2663 1939 2739 nihiltaciesinrerna.

209 2785 457 2866 ohssmamne
473 2785 625 2885 dignum
649 2781 806 2883 praebet:
830 2791 884 2852 est
899 2778 1082 2878 laevigata,
1101 2781 1283 2874 eminens,
1302 2783 1435 2859 cavitas
1457 2797 1510 2857 est
1525 2785 1715 2859 retractilis

210 2922 249 2984 et
263 2907 499 2998 contractilis,
516 2904 613 3005 quod
634 2904 867 2994 determinat,
889 2901 1157 2976 transeuntibus
1176 2903 1530 2998 alimentis,·motum
1546 2908 1715 3006 peristal·

104 3058 118 3071 ·
209 3029 325 3104 ticum
354 3027 510 3101 similem
534 3025 650 3098 motui
672 3024 754 3124 qui,
788 3020 939 3120 analogo
969 3035 1171 3114 momento,
1200 3026 1239 3096 in
1264 3025 1456 3125 oesophago
1480 3026 1643 3100 Hominis
1675 3039 1713 3101 et

207 3146 703 3224 animaliummanifestatur.
729 3145 797 3217 Hic
812 3142 1063 3216 tantummodo
1079 3144 1311 3219 involucrum
1329 3145 1534 3219 musculare
1547 3148 1711 3246 pharyn-

207 3269 262 3370 gis
282 3268 400 3343 solum
426 3266 572 3343 videtur
595 3289 702 3366 agere
726 3266 767 3337 in
793 3263 1049 3337 alimentorum
1075 3265 1317 3364 impulsione,
1349 3267 1465 3341 donee
1493 3268 1712 3368 oesophagus

207 3391 353 3492 proprie
369 3391 419 3462 sic
442 3387 579 3482 dictus,
608 3387 742 3486 absque
763 3399 872 3458 strato
892 3384 1088 3460 masculari
1106 3388 1372 3483 circumdante,
1390 3390 1539 3463 nonnisi
1551 3392 1712 3490 passivus

206 3536 283 3595 ease
307 3512 486 3588 videatur.

230 3719 232 3723 ⁸
256 3631 500 3708 Transversali
520 3643 586 3705 aut
606 3627 861 3729 longitudinali
884 3627 990 3701 modo
1003 3640 1160 3721 secatus,
1177 3629 1345 3730 pharymr
1360 3633 1518 3705 occurrit
1534 3643 1934 3731 tanquamcmposutoin-

207 3781 321 3833 massa
361 3754 591 3845 muscularis,
623 3752 669 3827 ad
698 3751 962 3824 consistentiam
989 3749 1256 3848 cartilagineam
1280 3751 1471 3843 accedens,
1506 3753 1583 3825 sine
1610 3751 1708 3827 fibris
1762 3722 1846 3798 ΨΜ

206 3874 442 3970 notabilibus,
464 3875 674 3966 uniformis,
685 3873 872 3972 laevigata,
888 3886 926 3944 et
943 3870 1177 3963 translucida,
1190 3896 1306 3971 quum
1320 3871 1401 3947 leve
1416 3885 1569 3946 stratum
1581 3872 1707 3946 auser*

205 4010 280 4071 tur.
310 3996 544 4074 Macerationi·
563 3997 603 4068 in
629 3993 723 4093 aquai
748 3993 889 4093 vulgari
912 3992 1076 4067 submissi
1100 3992 1243 4066 criteria
1268 4018 1343 4068 non
1368 3996 1530 4087 variant3
1554 3993 1708 4067 alcoholi

204 4118 415 4209 immersus,
440 4116 561 4192 evadit
577 4114 837 4206 filamentosns,
858 4112 928 4187 filis
948 4112 1171 4189 radiantibus
1193 4140 1213 4187 a
1237 4126 1361 4192 centro
1378 4114 1425 4188 ad
1442 4115 1707 4189 circumferen-

205 4239 315 4332 tiam,
336 4240 420 4317 satis
439 4238 557 4331 duris,
582 4237 712 4330 rectis,
744 4234 967 4334 simplicibus
988 4246 1025 4307 et
1048 4236 1088 4310 iu
1109 4235 1182 4310 totis
1204 4235 1282 4309 fere
1298 4235 1538 4336 amplitudine
1560 4234 1710 4336 aequalis

203 4360 388 4439 masida.

255 4479 433 4580 Pharynx·
447 4504 521 4555 non
543 4477 660 4554 solum
680 4478 846 4555 introitui
868 4476 1124 4552 alimentorum
1150 4476 1268 4571 favet,
1293 4479 1443 4578 ipsaque
1465 4476 1510 4572 ad
1534 4476 1702 4576 oesopha·
1719 4496 1800 4550 uiua

203 4624 293 4703 gum
311 4600 540 4696 transmittit,
553 4599 617 4674 sed
632 4586 741 4674 etiam
754 4611 808 4673 est
821 4612 1002 4699 punctum
1015 4598 1278 4702 conjunctionis
1288 4599 1531 4701 plurimorum
1547 4597 1702 4675 aliorum
