4244 5850
1076 486 1254 613 ''(17s)

472 667 599 760 biensa
620 678 753 783 Aprilis
774 679 891 769 enim,
919 673 1104 750 sumebam
1132 648 1364 767 testiculum,
1390 651 1555 753 recenter
1575 705 1621 754 ex
1642 681 1835 759 Lambrico
1858 686 1920 763 vi*-

425 818 535 882 vente
549 813 767 892 extractum,
788 800 907 897 ipsum
927 794 995 869 sub
1011 793 1241 899 microscopio
1251 796 1302 867 ita
1317 796 1533 874 collocabam
1543 814 1588 874 ut
1599 801 1772 879 diameter
1782 806 1920 882 uicen-

425 923 492 1001 ties
509 934 725 1022 augeretur,
752 918 844 1017 (fig.
869 921 904 989 1.
930 915 1008 988 tob.
1032 915 1198 988 XXIV
1204 957 1225 971 -
1241 915 1382 988 XXV
1376 918 1500 1018 HL).

216 1072 344 1144 equora
368 1088 409 1125 aa
474 1042 581 1117 Tunc
608 1043 728 1142 ipsum
754 1037 1004 1139 perforabam,
1035 1049 1073 1109 et
1103 1048 1253 1135 repente
1284 1035 1404 1136 liquor
1429 1040 1569 1115 effluxit
1595 1056 1778 1144 tamquam
1817 1045 1920 1120 lactis

268 1148 369 1213 Μ’·
423 1149 575 1253 lluctus,
589 1158 636 1233 'in
657 1184 765 1233 sensu
786 1156 1020 1257 longitudinis
1040 1156 1195 1229 striatus.
1219 1155 1305 1230 Mox
1327 1157 1440 1259 major
1455 1163 1635 1260 quantitas
1650 1164 1779 1263 liquidi
1794 1144 1917 1241 secuta

425 1296 497 1376 cst,
519 1294 654 1380 etpost
674 1278 839 1380 quae'dam
861 1280 992 1380 quietis
1011 1291 1209 1370 momenta,
1229 1276 1349 1374 liquor
1370 1279 1539 1356 formarit
1557 1285 1691 1381 species
1708 1284 1921 1359 undulatio-

421 1428 513 1476 num
541 1425 622 1501 qus
648 1402 686 1473 in
713 1399 880 1473 omnibus
903 1397 1064 1472 sensibus
1085 1399 1124 1469 in
1157 1421 1194 1470 se
1224 1399 1318 1495 ipsas
1343 1399 1526 1494 redibant,
1550 1402 1648 1499 (vid.
1663 1403 1741 1502 figss
1771 1408 1807 1477 2.
1837 1408 1916 1480 tab.

423 1524 539 1597 XXI
539 1523 592 1595 V
591 1565 613 1580 -
624 1521 883 1618 XXVIII.).
896 1519 1183 1610 Faraulamne,
1200 1519 1336 1617 optime
1347 1518 1537 1615 distinctas,
1550 1523 1643 1597 illud
1657 1525 1920 1624 phaenomenon

423 1643 544 1718 adbuc
578 1642 805 1715 manifestius
842 1632 1073 1715 reddebant.⁴
1099 1638 1263 1712 Tandem
1298 1644 1485 1741 spermatis
1525 1645 1693 1742 guttula,
1728 1649 1921 1746 separatim

423 1778 585 1864 sumpta,
609 1763 779 1837 eumdem
802 1762 969 1836 exhibuit
984 1762 1152 1835 effectum
1163 1789 1182 1854 3,
1194 1774 1231 1833 ct
1251 1763 1292 1832 in
1308 1773 1464 1861 utroque
1486 1789 1589 1856 casu,
1606 1764 1858 1841 undulationes
1875 1792 1918 1842 aa

420 1888 537 1985 magis
560 1882 892 1984 distinguebantur,
918 1908 991 1982 quo
1010 1882 1124 1981 magis
1145 1879 1417 1955 exsiccabantur
1440 1883 1613 1982 guttulas,
1645 1885 1741 1985 (fig.
1772 1887 1808 1961 3.
1837 1888 1923 1962 tab.

422 2004 590 2080 XXIV
592 2048 616 2061 -
627 2004 769 2077 XXV
762 2004 851 2076 III.
868 2004 894 2102 )

469 2126 535 2198 Illa
557 2126 804 2225 experimenta
824 2121 979 2223 plmies,
1001 2120 1131 2196 eodem
1145 2146 1230 2194 cum
1252 2144 1437 2214 successu,
1460 2123 1607 2217 iteravi3
1634 2125 1694 2199 sed
1712 2151 1919 2229 numquam

419 2249 461 2321 in
477 2246 547 2319 boc
558 2245 700 2345 liquore
715 2244 930 2319 animalcula
946 2242 1158 2343 spermatica
1171 2241 1304 2313 detexi.
1317 2241 1440 2316 Mense
1452 2242 1536 2316 Maii
1548 2243 1749 2337 observavi,
1765 2248 1918 2321 micros-

422 2367 516 2464 copii
537 2391 629 2464 ope,
655 2367 693 2437 in
720 2379 898 2465 spermate
926 2378 1062 2464 puncta
1093 2361 1268 2453 rotunda,
1300 2367 1414 2464 magis
1439 2365 1625 2455 distincta,
1659 2392 1741 2442 cunt
1768 2390 1923 2468 corpore

422 2484 580 2584 quodam
610 2480 760 2583 nigriori
784 2488 824 2559 in
848 2486 978 2559 medio.
1007 2479 1143 2579 Focum
1161 2482 1356 2581 augebam,
1377 2497 1415 2557 et
1431 2497 1551 2558 motus
1574 2487 1756 2560 circularis
1782 2488 1822 2560 in
1847 2486 1918 2562 boc

420 2606 573 2704 nigriori
595 2616 733 2702 puncto
755 2602 1063 2679 manifestabatur.
1083 2600 1219 2676 'Nonne
1241 2616 1319 2674 crat
1341 2605 1631 2711 animalculuml
1667 2608 1760 2682 Fieri
1780 2621 1917 2709 potest,

421 2725 486 2800 sed
515 2724 696 2799 affirmare
720 2724 940 2800 dubitamus
977 2724 1046 2798 Hic
1076 2749 1179 2797 casus
1205 2722 1317 2795 semel
1344 2721 1447 2797 nobis
1479 2724 1727 2800 tantummodo
1760 2727 1920 2803 occurrit

422 2848 588 2946 quamvis
604 2848 644 2919 in
664 2844 792 2919 iisdem
813 2847 955 2945 organis
970 2845 1075 2943 plura
1095 2845 1341 2943 experimenta
1360 2846 1481 2943 postea
1497 2845 1769 2921 instituerimus.
1796 2846 1919 2939 Quid-

422 2967 584 3067 quidde
612 2967 682 3040 hac
706 2991 749 3041 re
771 2968 843 3060 sit,
874 2967 1046 3067 quoniam
1074 2979 1196 3039 motus
1223 2977 1300 3037 erat
1326 2977 1544 3062 spontaneus
1571 2979 1608 3039 et
1633 2969 1923 3057 instrumentum

420 3088 584 3186 perfecte
601 3087 828 3180 'immotum,
853 3105 934 3161 ‘non
959 3084 1143 3186 probabile
1172 3098 1226 3158 est
1252 3082 1536 3160 observationem
1571 3086 1682 3159 fuisse
1713 3084 1919 3161 illusionm

420 3208 566 3306 op'ticae,
588 3222 633 3280 'co
655 3212 768 3307 magis
789 3200 908 3307 quod,
931 3219 1110 3306 spermate
1129 3206 1324 3297 exsiccato,
1343 3203 1407 3277 ille
1427 3216 1546 3277 motus
1569 3206 1766 3280 cessaverit.

467 3327 596 3399 Mense
613 3326 833 3426 Septembris
861 3341 899 3400 st
921 3326 1124 3402 autumnali
1151 3341 1330 3426 tempore,
1353 3350 1467 3424 quum
1490 3323 1609 3398 adbuc
1630 3317 1787 3398 testiculi
1808 3348 1918 3425 repe·

420 3445 569 3520 riuntur
590 3447 709 3545 (quod
730 3461 850 3520 umen
873 3474 952 3521 raro
974 3449 1171 3546 occurrit),
1194 3445 1371 3520 notabiles
1390 3447 1430 3517 in
1456 3444 1597 3544 liquor-e
1620 3444 1829 3541 spermatico
1852 3470 1918 3518 os-

422 3581 577 3641 currunt
607 3570 835 3641 mutationes.
883 3569 1027 3640 Etenim
1053 3569 1092 3639 in
1123 3566 1236 3640 diario
1267 3566 1554 3640 observationum
1584 3587 1746 3640 mearum
1784 3567 1922 3640 mensis.

421 3688 642 3788 Septembris
663 3691 750 3762 anni
775 3689 892 3782 1825,
912 3691 1075 3789 reperio:

470 3834 494 3880 a
510 3808 715 3883 Testiculus
725 3809 927 3909 sphericus,
941 3805 1126 3883 constabat
1139 3807 1348 3882 membranis
1362 3806 1575 3897 albescenti,
1586 3804 1783 3905 pellucidd3
1795 3805 1914 3906 liquo·

422 3926 581 4022 albidus,
603 3928 688 4033 ejus
703 3932 867 4004 interiori
884 3945 986 4031 parte
1005 3930 1224 4003 continetur.
1249 3926 1396 4023 Organa
1411 3938 1525 4017 moto,
1542 3949 1682 4025 semper
1696 3924 1741 3999 ad
1757 3924 1918 4002 llbellam

421 4048 673 4148 respondebat:
697 4052 832 4123 etenim
850 4049 1101 4125 tantummodo
1120 4063 1259 4150 partem
1279 4051 1482 4149 capacitatis
1503 4047 1715 4121 testicularis
1727 4045 1912 4147 implebat.

422 4170 610 4277 Acuminis
630 4172 741 4270 spinae
768 4171 897 4244 ferreae
920 4174 1051 4273 exiguo
1078 4174 1155 4247 ictu
1179 4168 1429 4244 tantummodo
1448 4194 1538 4271 opus
1559 4181 1613 4241 est
1636 4180 1679 4242 ut
1708 4166 1914 4242 membrana

422 4281 655 4381 dilaceretur,
675 4303 714 4363 et
731 4284 922 4392 sic'liqucr
943 4293 1029 4367 inde
1048 4293 1184 4368 effluat.
1205 4292 1275 4366 ¹Est
1296 4289 1451 4384 fluidus,
1475 4292 1552 4363 sine
1574 4288 1681 4364 odore
1706 4302 1770 4364 aut
1789 4314 1914 4390 sapore

420 4408 589 4504 notabili3
617 4434 788 4510 aquosus,
814 4413 1035 4508 exsiccatus,
1058 4415 1136 4487 fere
1162 4439 1236 4486 non
1255 4414 1401 4486 omasior
1422 4409 1595 4487 evadit.»

469 4529 526 4603 Ex
544 4530 601 4604 bis
615 4529 807 4609 observatis
826 4531 971 4612 ridetur
991 4533 1098 4610 illum
1116 4534 1344 4629 testiculum,
1365 4557 1481 4636 quum
1505 4557 1581 4606 non
1598 4543 1713 4607 totum
1735 4531 1913 4633 liquorem
