4244 5850
916 523 1049 627 (ει)

222 711 262 776 et
282 698 440 798 margini
463 698 637 774 anteriori
663 695 755 771 labri
786 698 981 798 superioris
1004 694 1216 796 respondet:
1240 695 1336 770 facie
1362 691 1428 770 sui
1451 695 1644 792 inferiore,
1670 724 1739 774 an-

223 822 315 897 milo
329 848 397 897 ore
413 824 514 915 fisso,
532 835 570 895 et
584 819 807 921 segminibus
822 823 897 893 suis
912 818 1121 892 lateralibus
1138 816 1332 918 respondet
1351 816 1515 918 partibus
1530 817 1739 896 lateralibus

224 969 312 1020 cum
335 945 488 1018 internis
510 957 590 1018 tum
614 943 775 1016 externis
796 955 834 1016 et
857 942 1097 1016 anterioribus
1122 944 1250 1042 prioris
1273 942 1413 1015 annuli.

275 1064 514 1138 Consistentia
540 1063 627 1137 labii
654 1064 836 1137 inferioris
860 1062 1002 1135 mollior
1023 1075 1076 1136 est
1100 1089 1210 1164 quam
1232 1065 1382 1165 quidem
1409 1063 1501 1140 labri
1527 1069 1734 1171 superioris.
1756 1067 1950 1129 consistentia.

195 1250 198 1254 ,
223 1184 332 1261 Color
355 1189 469 1287 magis
491 1186 536 1261 ad
557 1187 716 1287 griseum
736 1199 775 1259 et
797 1185 976 1286 pallidum
998 1187 1148 1260 accedit.
1183 1189 1304 1261 Motus
1325 1189 1428 1263 lenti.
1491 1280 1494 1285 1

274 1309 434 1382 Inferius
457 1308 602 1383 labrum
630 1311 670 1382 in
695 1323 797 1383 motu
827 1336 901 1382 non
931 1337 1078 1410 magnas
1106 1311 1321 1386 variationes
1352 1309 1501 1411 praebet.
1539 1312 1582 1385 In
1607 1314 1739 1413 quietis
1767 1334 1970 1418 tabrpmtirse-

228 1455 315 1507 vero
333 1444 428 1504 statu
445 1457 520 1503 non
542 1432 651 1532 aspici
669 1443 803 1531 potest,
829 1434 1001 1531 quoniam
1025 1432 1160 1536 alabro
1180 1435 1384 1532 superiore,
1409 1434 1508 1533 quod
1528 1449 1582 1508 est
1603 1434 1738 1540 majus,
1767 1424 1825 1462 ‘¹¹²⁸
1840 1423 1869 1460 ¹¹¹
1881 1414 1968 1459 ’Μ

142 1616 148 1625 .
226 1554 375 1627 omniuo
400 1551 596 1654 obtegitur.
625 1552 696 1626 Sed
715 1553 778 1627 illo
806 1553 954 1652 quidem
979 1567 1147 1647 extensa,
1176 1554 1425 1655 diametroque
1450 1569 1652 1634 transverso
1667 1561 1741 1634 im-

226 1677 390 1770 minuto,
413 1678 569 1750 inferius
590 1675 735 1749 labrum
758 1677 994 1776 conspicuum
1015 1678 1056 1749 fit
1081 1676 1174 1774 (fig.
1192 1680 1211 1747 1
1232 1690 1271 1748 et
1292 1680 1328 1749 2.
1353 1678 1432 1749 tab.
1447 1679 1574 1776 IV.)
1602 1681 1741 1776 Arcus,

226 1800 430 1876 secundum
451 1825 563 1899 quem
584 1813 771 1891 movetur,
788 1824 898 1898 quam
915 1799 1089 1871 minimus
1110 1810 1181 1891 est,
1198 1811 1369 1897 apertura
1389 1812 1563 1873 caeterum
1581 1802 1651 1875 oris
1663 1827 1741 1875 non

228 1920 274 1996 ab
291 1923 405 2022 ipsius
425 1949 445 1994 a
463 1921 563 1994 labro
585 1921 770 2020 superiore
789 1919 1010 2010 deviatione,
1032 1917 1095 1992 sed
1112 1946 1132 1991 a
1149 1918 1307 1992 motibus
1319 1932 1356 1991 et
1373 1919 1634 1995 elevationibus
1650 1923 1742 1997 labri

227 2043 423 2143 superioris
444 2039 638 2141 dependet.
660 2041 888 2131 Quibusdam
908 2041 948 2112 in
970 2039 1168 2115 individuis
1190 2043 1392 2141 reperimus
1411 2044 1580 2141 superius
1597 2043 1741 2120 labrum
1813 2051 1816 2062 '

228 2165 376 2239 omnino
392 2163 659 2236 semicirculare
678 2177 716 2236 et
738 2189 813 2236 non
840 2162 1052 2235 bilobatum.
1078 2164 1134 2234 Ex
1158 2178 1261 2264 parte
1283 2164 1433 2263 quidem
1454 2164 1562 2238 faciei
1581 2191 1658 2241 suae
1680 2169 1742 2241 in-

228 2288 369 2362 ferioris
390 2287 532 2359 sortiter
552 2285 726 2388 conjungi
757 2286 902 2363 videtur
929 2313 1014 2360 cum
1038 2284 1250 2360 membranai
1271 2286 1421 2360 externit
1444 2288 1555 2387 primi
1583 2288 1739 2384 annuli,

227 2422 266 2484 et
280 2411 342 2491 vix
363 2408 408 2483 ab
424 2409 466 2483 ela
486 2410 656 2515 separari.
667 2409 775 2486 valet.

638 2649 680 2724 G.
732 2651 798 2725 De
838 2652 1026 2724 lubiorum
1056 2649 1337 2752 functionibus.

277 2844 405 2921 Varias
423 2847 462 2919 in
478 2845 682 2921 Lumbricis
699 2847 928 2924 terrestribus
949 2850 1157 2925 functiones
1180 2863 1392 2950 perpetrant
1413 2848 1527 2924 labia:
1557 2853 1597 2923 1⁰
1621 2850 1752 2925 intro-‘

228 2966 391 3042 ductioni
411 2968 687 3063 alimentorum,
709 2973 931 3066 inserviunt3
959 2975 1001 3043 2⁰
1019 2974 1201 3072 praecipua
1217 2985 1303 3045 sunt
1316 2999 1467 3073 organa,
1491 2998 1648 3072 quorum
1671 2998 1739 3071 ope

229 3090 362 3164 animal
373 3103 507 3164 terram
520 3091 660 3187 effodit,
677 3091 717 3165 3⁰
728 3106 929 3192 gustusque
940 3106 1112 3193 praeterea
1125 3095 1310 3195 praecipue
1320 3095 1492 3173 videntur
1503 3120 1578 3170 esse
1590 3120 1736 3195 organa.

490 3361 525 3405 a.
577 3331 867 3416 Alimentorum
888 3331 1152 3428 predicacionis
1180 3331 1472 3405 mechunismus.

276 3542 397 3633 Quam
415 3542 571 3615 maxime
583 3540 735 3641 simplex
748 3554 801 3614 est
809 3539 1064 3618 alimentorum
1076 3545 1280 3645 prehensio.
1291 3546 1508 3645 Priusquam
1521 3543 1737 3618 alimentum
1759 3525 1967 3669 ffiffllm

226 3666 263 3740 iu
280 3690 343 3740 ore
364 3664 530 3758 inducat,
558 3678 669 3762 caput
691 3663 857 3739 sublevat
880 3665 1030 3760 animal,
1056 3693 1215 3769 moxque
1238 3668 1426 3769 deprimit,
1446 3668 1561 3741 omnis
1578 3668 1737 3741 anterior

226 3790 472 3890 corporispars
483 3788 686 3861 undulante
699 3787 856 3888 quodam
867 3802 969 3862 motu
982 3792 1152 3889 agitatur3
1165 3771 1307 3864 labrum
1319 3791 1498 3890 superius,
1506 3791 1546 3862 in
1558 3791 1745 3895 anteriora·

227 3910 423 3986 admodum
436 3923 662 4009 porrectum,
683 3911 851 3981 citissime
872 3924 1056 4002 movetur,
1071 3901 1226 3993 inferius
1246 3925 1371 3983 contra
1387 3911 1466 3983 lere
1483 3922 1598 3983 totum
1616 3935 1736 4009 quan-

226 4047 305 4111 tum
322 4037 362 4107 in
386 4035 456 4106 oris
471 4058 558 4108 cavo
577 4045 753 4105 remanet.
774 4031 867 4104 Cum
889 4033 948 4107 vix
969 4031 1102 4105 animal
1122 4033 1306 4132 glebulam
1325 4035 1501 4133 tetigerit,
1525 4033 1735 4106 extenditur

225 4156 369 4255 labrum
392 4182 500 4229 suum
517 4157 702 4256 superius,
728 4154 826 4254 quod
849 4167 938 4226 tunc
957 4157 1061 4227 rostri
1085 4155 1129 4230 ad
1152 4159 1264 4229 instar
1280 4155 1497 4246 inflectitur,
1521 4181 1630 4253 supra
1655 4153 1736 4255 gle-

225 4281 351 4357 bulam
377 4278 562 4372 extendit,
590 4277 731 4378 sibique
751 4278 846 4350 banc
875 4275 1023 4349 attrabit
1045 4277 1224 4352 volvendo
1248 4277 1351 4379 juxta
1373 4277 1601 4376 superficiem
1629 4291 1736 4350 ante-

224 4404 358 4478 riorem
387 4402 593 4491 internam3
635 4426 719 4473 mox
748 4399 891 4473 labrum
921 4399 1107 4493 elevatur,
1133 4401 1374 4502 protinusque
1398 4397 1542 4472 labrum
1580 4399 1735 4473 inferius

226 4526 352 4620 irruit,
388 4522 456 4599 sub
491 4522 674 4625 glebulam
705 4542 786 4598 'sese
810 4525 989 4616 insinuat,
1024 4550 1106 4624 quae
1145 4524 1196 4596 sic
1222 4524 1318 4596 inter
1349 4521 1420 4597 dua
1452 4518 1545 4593 labia
1572 4520 1733 4619 ponitur.

227 4647 336 4725 labia
353 4661 442 4722 tunc
464 4645 704 4722 inflectuntur
726 4647 834 4721 etsie
857 4647 1074 4748 particulam
1098 4661 1203 4723 terrae
1225 4659 1362 4747 cogunt
1389 4644 1581 4751 cavitatem
1599 4644 1735 4721 oralem
