4244 5850
917 462 1070 628 (res)

249 697 517 778 cirmrlumim
536 695 577 770 in
596 691 737 792 integre
762 691 828 766 sub
850 691 1089 790 amplitudine
1110 689 1315 784 ostendens,
1343 691 1523 793 quamvis,
1548 704 1591 766 ut
1609 693 1660 767 ait
1680 694 1733 769 cl.

254 825 373 899 canu
383 873 398 910 ,
429 824 475 894 sit
495 817 744 893 difficillimum
771 814 871 886 hunc
892 827 1032 887 motum
1055 835 1239 886 secernere
1263 809 1308 884 ab
1333 810 1404 886 illo,
1417 812 1486 910 qui·
1505 812 1648 886 annulis
1669 840 1738 887 on-

248 943 476 1019 dulationum
501 939 637 1038 species
666 935 918 1008 communicat.
948 936 1050 1034 Saepe
1076 933 1258 1010 observavi
1288 933 1328 1005 in
1356 931 1557 1005 Lumbricis
1581 938 1735 1034 apertis,

250 1063 409 1140 canalem
433 1060 700 1134 alimentarium
724 1056 844 1130 subire
872 1071 1011 1133 motum
1034 1052 1315 1144 onustandam,
1344 1051 1567 1151 regularem,
1599 1055 1738 1129 nullom

249 1161 479 1272 relationem,
500 1178 618 1279 quoad
638 1191 780 1275 tempus
802 1202 875 1274 quo
896 1174 1076 1248 oriebatur
1095 1189 1204 1272 atque
1222 1171 1455 1271 perdurabat,
1480 1198 1564 1247 cum
1582 1167 1738 1249 motibus

249 1304 370 1405 systoli
391 1315 460 1375 aut·
473 1299 612 1374 diastoli
628 1298 834 1374 habentem.
860 1298 905 1368 Hi
927 1298 1136 1396 posteriores
1154 1307 1323 1367 caeterum
1341 1294 1379 1364 in
1405 1293 1476 1365 sola
1493 1320 1573 1366 vasa
1591 1297 1739 1394 sangui-

249 1424 326 1496 serc
351 1434 483 1520 agunt,
512 1432 549 1491 et
572 1442 693 1490 nonne
722 1430 839 1492 motus
861 1414 1103 1488 undabundus
1132 1414 1177 1485 ad
1200 1437 1284 1485 eum
1312 1438 1459 1510 scopum
1484 1412 1667 1507 tenderet,
1696 1429 1738 1489 ut

249 1542 418 1615 alimenta
447 1542 485 1611 in
510 1538 721 1610 intestinum
750 1536 1060 1636 propellerentur,
1096 1548 1161 1606 aut
1181 1547 1288 1605 certee
1316 1532 1494 1630 glandulae
1521 1536 1738 1632 comprime-

251 1673 400 1750 rentur,
426 1657 620 1756 quemdam
643 1681 792 1729 succum
815 1656 1110 1752 praeparatorium
1139 1652 1223 1726 inde
1249 1654 1475 1750 exprimendi
1506 1655 1630 1751 gratini.

263 1823 267 1831 ·
297 1778 583 1851 -Ramifioationes
609 1789 716 1848 aortae
742 1787 827 1846 sunt
857 1776 1019 1847 infinitae.
1048 1774 1230 1864 Quasdam
1256 1774 1412 1845 examini
1437 1772 1687 1875 subjiciemus,
1716 1783 1942 1847 allanificatio-

252 1898 434 1996 superiore
454 1896 611 1994 corporis
634 1908 734 1994 parte
752 1891 969 1992 incipiendo.
1754 1870 1802 1907 ¹¹²⁸
1830 1856 1963 1909 ¹³¹⁰¹³¹⁸⁸'

652 2115 690 2161 α.
742 2087 1053 2188 Ramificationes
1074 2089 1322 2187 pharyngeoe.
1403 2144 1406 2149 .

300 2256 585 2328 Ramificationes
605 2267 712 2327 aortoe
734 2279 815 2352 quae
833 2252 1081 2326 extenduntur
1103 2254 1142 2323 in
1162 2254 1314 2351 parietes
1338 2251 1532 2352 pharyngis
1555 2267 1737 2349 externos,

252 2377 472 2477 colliguntur
493 2380 531 2448 in
553 2377 578 2450 6
596 2391 660 2450 aut
677 2378 698 2454 7
723 2376 872 2474 exiguos
893 2386 1039 2445 truncos
1058 2371 1307 2444 transversales
1322 2373 1385 2469 qui
1409 2369 1640 2466 dividuntur,
1661 2399 1743 2449 sese

250 2497 477 2571 extendendo
487 2495 833 2596 inintegrumhujus
844 2496 966 2593 organi
979 2493 1274 2589 circuitum.(ab,
1312 2494 1738 2594 g.1.t.XX-XXIII).

164 2633 172 2645 ’
299 2614 563 2690 subdivisiones
594 2614 692 2685 tants
715 2613 814 2711 copiti
849 2614 1008 2684 existunt
1040 2626 1084 2684 ut
1112 2612 1301 2711 pharynx,
1334 2626 1480 2712 propter
1507 2612 1617 2688 solam
1644 2615 1740 2688 hano

250 2761 411 2827 causam,
439 2734 559 2807 colore
586 2735 732 2807 omnino
761 2757 861 2804 roseo
891 2732 1096 2805 inducatur.
1211 2807 1213 2810 Α

299 2855 339 2926 In
357 2852 551 2952 pharyngis
571 2853 777 2950 superficie,
798 2849 950 2923 efficitur
967 2850 1172 2951 conjunctio
1188 2852 1283 2923 inter
1299 2852 1465 2924 arteriam
1485 2851 1683 2926 ventralem
1701 2869 1739 2928 et

250 2973 424 3049 dorsalem
454 2975 531 3048 sive
554 2986 702 3045 nortem.
739 2971 907 3044 Annulus
927 2973 1156 3070 sanguiferus
1176 2973 1241 3071 qui
1267 2972 1454 3045 cerebrum
1481 2974 1680 3047 circumdat
1701 2988 1739 3048 et

251 3092 457 3169 extenditur
479 3093 574 3164 inter
597 3090 687 3164 duos
711 3090 871 3190 globulos
898 3091 1111 3181 cervicales,
1134 3105 1188 3165 est
1211 3091 1397 3166 vasculum
1420 3118 1612 3165 commune
1643 3097 1738 3169 inter

250 3213 314 3287 bns
329 3214 491 3303 arterias,
509 3211 587 3303 vel,
604 3225 647 3285 ut
663 3212 791 3283 melius
807 3211 940 3302 dicam,
963 3224 1017 3282 est
1033 3212 1280 3284 tantummodo
1296 3213 1455 3285 extensio
1472 3215 1628 3287 maxime
1648 3193 1738 3289 con-⁵.

177 3324 179 3329 ’
250 3346 360 3409 tracta
385 3333 494 3406 unius
517 3333 606 3407 vasis
631 3331 805 3404 arterialis
830 3331 926 3430 quod
948 3332 1148 3405 secundum
1180 3358 1330 3431 corpus,
1356 3359 1462 3432 supra
1486 3348 1524 3406 et
1551 3334 1646 3410 infra
1670 3361 1737 3412 ex-

251 3451 459 3526 tenderetur
483 3450 588 3525 etad
610 3450 799 3527 cerebrum
823 3478 897 3525 sese
920 3453 1168 3552 replicaretur,

656 3667 693 3738 b.
742 3665 1052 3766 Ramifieationes
1084 3672 1331 3768 oesopbageoe.

299 3830 374 3903 lllae
397 3827 671 3903 ramilicationes
697 3832 934 3930 oesophagum
959 3832 1228 3932 amplectuntur
1248 3838 1359 3909 instar
1380 3834 1598 3910 annulorum
1620 3848 1737 3910 truns-

250 3950 460 4044 versalium3
487 3950 767 4025 subdividuntur
789 3953 931 4025 nonnisi
957 3953 1002 4025 ad
1028 3968 1168 4027 certum
1190 3955 1420 4030 intervallum
1448 3982 1469 4028 a
1489 3969 1618 4027 trunco
1640 3981 1736 4055 proe-

251 4072 357 4170 cipuo
376 4083 413 4143 et
432 4070 621 4144 divisiones
641 4096 714 4142 non
731 4073 981 4147 extenduntur
998 4075 1092 4147 ultra
1112 4074 1295 4149 dimidiam
1312 4078 1422 4148 unius
1437 4076 1634 4150 millimetri
1651 4103 1737 4176 par-

251 4201 325 4262 tem
346 4214 454 4287 supra
475 4203 539 4261 out
562 4184 658 4262 infra
680 4190 865 4265 vasculum
889 4219 935 4266 ex
965 4220 1038 4293 quo
1059 4209 1275 4288 nascuntur,
1295 4196 1567 4296 (extenduntur
1594 4220 1639 4268 ex
1658 4223 1679 4269 c
1696 4198 1735 4270 in

250 4308 318 4395 dc,
333 4309 412 4406 fig.
431 4312 467 4379 1.
493 4309 949 4410 tab.XX-XXXIII.)

300 4427 427 4517 Quum
444 4428 656 4526 perveniant
670 4427 717 4500 ml
734 4428 854 4502 locum
871 4430 936 4503 ubi
954 4447 1150 4519 occurrunt
1166 4437 1286 4511 ovaria
1296 4449 1334 4509 et
1350 4435 1523 4528 testiculi,
1539 4434 1611 4508 illoe
1625 4439 1737 4510 romi-

251 4546 434 4627 ficctiones
447 4570 521 4620 nou
536 4546 691 4647 amplius
706 4549 955 4626 extenduntur
967 4578 1036 4627 nec
1047 4578 1122 4629 sese
1136 4555 1204 4629 sub
1214 4556 1447 4656 oesophagum
1463 4556 1655 4655 replicant,
1674 4558 1737 4632 sed
