4244 5850
974 509 1125 609 (¹86)

306 679 345 748 in
368 675 515 748 modum
536 674 709 771 augescit.
730 669 849 762 ··Mox,
873 668 977 744 ambo
1001 672 1184 745 Luusbrici
1212 676 1384 748 emittunt
1410 677 1599 749 humorem
1627 677 1791 776 glutino-

304 822 386 870 sum
413 796 477 894 qui
495 812 627 866 eorum·
644 814 791 890 eorpus,
807 791 968 865 durante
992 794 1233 892 copulatione,
1255 798 1390 890 inficit3
1413 799 1558 870 etmihi
1583 797 1789 871 mirandum

305 921 406 991 venit
422 914 520 1014 quod
540 912 772 986 clitellutnet
785 913 938 1011 quidem
958 916 1040 986 satis
1058 940 1185 1013 magua
1204 919 1458 1016 parsoorporis
1478 920 1573 990 inter
1596 917 1665 991 hoc
1682 940 1792 1016 orga-

302 1058 393 1109 nuru
407 1046 578 1132 etcaput
598 1032 873 1131 comprehensa,
895 1033 1009 1106 veluti
1024 1035 1278 1109 ⁴circumdatur
1293 1051 1330 1109 et
1351 1037 1549 1112 obducatur
1567 1040 1686 1137 specie
1699 1037 1789 1137 pel-

303 1154 422 1227 liculae
444 1153 648 1250 glutinosae,
671 1153 904 1242 tenuissime,
927 1152 1116 1249 pellucidae
1140 1169 1176 1226 et
1198 1156 1367 1229 facillime
1389 1183 1463 1230 sese
1485 1158 1790 1255 rumpentiS,=nnt

303 1275 410 1345 etiarn
428 1272 568 1344 dissolvi
581 1270 1007 1369 apparentis'inhutuore·
1016 1275 1080 1369 qui
1096 1297 1139 1344 en
1155 1275 1294 1373 integro
1311 1297 1461 1375 corpore
1471 1276 1686 1348 'exsudatuu
1704 1270 1790 1348 Haec
1812 1372 1825 1379 η

301 1386 472 1490 pellicula
487 1384 735 1490 probabiliter
749 1393 863 1464 oritur
887 1417 931 1464 ex
949 1392 1084 1467 eodem
1111 1394 1286 1487 humore,
1315 1411 1482 1495 respectu
1506 1397 1634 1468 saltem
1664 1393 1789 1469 habito

302 1510 381 1609 ejus
401 1512 652 1600 consistentiae,
675 1510 819 1602 coloris,
842 1523 910 1582 etc.
934 1511 1093 1583 Fortasse
1114 1511 1244 1584 humor
1261 1511 1476 1609 glutinosus,
1492 1526 1688 1612 postquam
1708 1535 1789 1586 am·

303 1629 366 1702 bos
390 1630 600 1703 Lumbricos
626 1630 802 1721 obduxit,
836 1632 968 1728 partim
995 1633 1034 1702 in
1068 1656 1212 1729 vapores
1243 1630 1317 1702 abit
1345 1643 1383 1703 et
1407 1630 1575 1729 producit
1599 1630 1789 1730 parvulam

302 1763 563 1846 mustumque
592 1749 798 1848 pelliculam
822 1749 997 1822 efformet.
1683 1748 1688 1757 '
1884 1759 1896 1779 ³

350 1870 546 1960 Praeteren,
569 1870 663 1940 intra
679 1866 790 1966 plicas
804 1867 928 1942 clitelli
948 1882 985 1940 et
1005 1870 1043 1940 in
1066 1868 1217 1968 singulis
1236 1865 1450 1956 individuis,
1471 1878 1670 1939 occurrunt
1685 1889 1789 1964 quse-
1813 1915 1815 1921 -

302 1987 550 2084 dam-exiguae
575 1988 756 2084 portiones
779 1987 985 2060 a‘ubatnntiae
1011 1986 1148 2079 mollio,
1177 1987 1410 2077 albescentis,
1439 1988 1606 2077 viscosa,
1634 1997 1790 2059 textum

301 2107 417 2182 veluti
439 2106 679 2180 fllamentusae.
690 2109 782 2181 ‘Haec
797 2109 992 2181 substantia
1013 2107 1080 2181 elib
1093 2109 1207 2180 forme
1226 2109 1335 2180 trium
1351 2119 1416 2179 aut
1437 2119 1591 2204 quatuor
1605 2103 1788 2205 glomulo-

300 2249 385 2300 rum
407 2252 544 2324 sparsa,
567 2227 885 2324 comprehenditur
902 2231 996 2301 inter
1015 2228 1241 2327 superficiem
1260 2241 1447 2300 externam
1470 2226 1649 2298 clitelliet
1668 2225 1789 2302 levam

301 2343 510 2444 pelliculam
520 2345 587 2420 -de
615 2372 688 2445 quo
706 2347 1021 2447 ¹modo'egimus.'
1047 2347 1176 2438 Quoad
1196 2349 1355 2430 formam
1382 2359 1420 2419 et
1445 2345 1586 2418 criteria
1614 2357 1788 2437 externo,

302 2463 523 2537 sedecimilia
540 2478 594 2536 est
609 2465 816 2563 corporibus
831 2464 1125 2540 filamontosiade
1144 2468 1428 2567 quibusluimus
1443 2466 1572 2557 locuti,
1595 2490 1677 2564 quar
1693 2466 1790 2540 circe

303 2581 485 2656 testiculus
516 2596 554 2655 et
577 2585 694 2656 oraria
728 2600 925 2659 occurrunt
947 2587 1140 2660 ethorum
1163 2587 1400 2685 posteriorum
1426 2586 1568 2657 nonnisi
1589 2596 1674 2659 sunt
1698 2580 1792 2658 rtili·

239 2702 241 2706 ⁴
302 2702 410 2798 quioe.
442 2701 611 2774 ¹Attamen
637 2698 777 2774 mollior
807 2717 884 2794 cst,
914 2707 1101 2804 liquidior,
1129 2707 1245 2780 ettilo
1272 2701 1484 2778 albescentia
1507 2730 1581 2777 non
1594 2718 1678 2779 tam
1702 2718 1790 2779 sunt

304 2822 481 2895 distincta.
505 2820 801 2896 luter-clitellum
822 2827 931 2898 unius
953 2827 1131 2899 individui
1152 2840 1189 2899 et
1208 2839 1346 2925 partem
1367 2822 1704 2923 corrmpondentem
1732 2823 1790 2898 el

304 2943 684 3041 teriuspreperiuntur
695 2941 819 3015 adhuc
832 2943 1160 3045 plurimi-ejusdem
1171 2944 1322 3044 ‚generis
1342 2945 1469 3034 fasces,
1488 2943 1550 3016 sed
1564 2945 1683 3017 minue
1699 2964 1791 3017 eon

299 3065 437 3162 spioni,
463 3063 548 3160 quis
567 3061 756 3134 interduo
776 3086 923 3161 corporu
948 3065 1115 3137 coeuntia
1141 3063 1406 3162 deprimuntur.

352 3183 481 3255 Nonne
495 3180 785 3272 illa-substantia,
802 3181 1105 3279 quemadmodum
1128 3182 1319 3254 arbitratus
1328 3183 1488 3276 cstRuy
1492 3232 1507 3267 ,
1525 3195 1616 3254 esset
1629 3206 1789 3281 apertus⁵

302 3314 340 3375 et
368 3327 488 3374 nonne
518 3299 726 3391 Lumbrici,
754 3299 908 3374 durante
928 3301 1215 3393 secundatione,
1239 3302 1332 3374 hanc
1347 3300 1421 3373 :eibi
1450 3314 1581 3374 mutuo
1605 3303 1792 3375 transmit-

301 3420 448 3494 terent?
487 3419 614 3491 Nonne
647 3433 814 3515 penetrat
843 3421 883 3492 in
914 3421 1069 3519 papillas
1095 3419 1151 3494 16ἰ
1182 3416 1324 3512 annuli,
1361 3433 1399 3493 et
1425 3422 1549 3496 oraria
1591 3420 1794 3495 fecundat?

305 3539 374 3613 Vel
404 3563 525 3612 noune
555 3537 761 3612 absorbetur
781 3540 905 3637 :specie
926 3538 1186 3641 imbibitionisi
1218 3539 1275 3610 'An
1303 3540 1379 3611 exit
1407 3562 1430 3611 e
1461 3538 1633 3612 testiculis
1659 3540 1790 3633 unius,

305 3685 351 3733 on
372 3673 574 3732 extrorsum
596 3659 870 3750 transmittitur,
900 3671 938 3729 et
961 3656 1047 3729 inde
1060 3658 1108 3727 ·in
1136 3681 1265 3754 corpus
1292 3655 1469 3729 indi-vidui
1493 3658 1646 3755 oppositi
1671 3653 1792 3758 ror-git

303 3780 418 3854 donec
443 3776 553 3881 hujus
580 3776 754 3869 testiculi,
784 3776 1138 3876 respectualterius,
1164 3775 1305 3854 easdem
1319 3776 1421 3849 ¹trices
1446 3775 1625 3874 agerent?
1652 3771 1793 3850 Omnes

303 3899 383 3974 illas
402 3901 616 3998 questiones
638 3882 677 3969 in
698 3897 860 3972 medium
879 3896 1137 3996 relinquimus,
1160 3897 1250 3995 quia⁴
1262 3894 1362 3969 nulia
1375 3897 1510 3994 ¹opinio
1534 3897 1793 3996 experimentis

303 4019 484 4091 innititur.

352 4138 480 4228 Quum
502 4133 608 4210 ambo
628 4133 806 4210 individui
825 4147 1054 4234 separantur,
1069 4133 1237 4208 durante
1249 4131 1511 4231 copulatione,
1536 4154 1652 4208 ¹verus
1676 4132 1793 4237 hujus

304 4259 663 4333 nctus-mecanicum
686 4270 795 4356 patet.
822 4257 1176 4332 Etenimuideantur
1196 4253 1359 4352 ille-qun
1378 4274 1486 4351 supra
1509 4252 1555 4325 de
1577 4252 1791 4352 appendici-

304 4375 671 4478 busgeneratric'rbus
697 4375 871 4469 diximus,
894 4391 931 4449 et
944 4372 1553 4472 animadvertatur‘unnlogia-inter
1569 4371 1629 4445 illa
1654 4395 1790 4471 organa

304 4507 343 4567 et
356 4514 467 4595 penes
480 4507 546 4572 eut
563 4495 731 4570 acumina
749 4493 985 4590 Hirudinum,
1002 4509 1082 4570 tum
1102 4493 1219 4594 quoad
1234 4493 1390 4566 formem-
1400 4504 1439 4565 et
1459 4491 1688 4591 positionem,
1706 4486 1790 4566 tuns
