4244 5850
1097 504 1234 603 (68)

400 678 513 763 finnt,
532 686 572 746 et
589 674 639 743 sic
656 685 747 743 setas
770 671 869 742 exire
885 683 1039 767 cogunt,
1056 684 1093 743 et
1110 677 1155 744 cd
1175 672 1324 770 quidem
1340 677 1469 772 nugis,
1487 681 1562 774 quo
1576 677 1690 777 major
1705 680 1910 751 contractio

401 813 468 870 est
500 796 592 867 Setae
624 817 701 867 sese
726 794 765 864 in
792 791 990 890 parietibus
1016 792 1181 885 latibuli,
1212 793 1346 892 quibus
1378 793 1449 894 jam
1480 821 1612 894 corpus
1640 796 1907 895 premebatur,

401 923 560 1006 intrant,
589 929 722 988 terram
758 925 974 1012 penetrant,
1016 925 1055 984 ct
1084 915 1136 985 sic
1165 916 1323 1012 corporis
1355 919 1568 1014 positionem
1599 944 1711 1016 quam
1744 923 1906 991 maxime

403 1038 602 1112 stabiliunt.
629 1034 722 1108 Cum
744 1035 851 1124 unci,
875 1031 1008 1131 quibus
1028 1046 1115 1105 sctae
1140 1035 1401 1126 terminantur,
1429 1037 1600 1109 eumdem
1620 1040 1769 1109 omuino
1790 1037 1907 1112 effec-

404 1173 487 1232 tum
506 1156 718 1256 producunt
740 1180 782 1226 ac
810 1151 881 1224 illae
910 1156 1142 1250 antiquarum
1163 1156 1330 1250 gentium
1355 1158 1511 1253 sagittar,
1534 1183 1634 1255 quae,
1657 1184 1744 1229 cum
1772 1183 1908 1257 corpus

405 1283 648 1368 intraverant,
671 1301 745 1347 uon
770 1273 902 1346 exinde
918 1272 1077 1362 extrahi,
1100 1265 1376 1346 nisi'dilacerata
1397 1301 1525 1366 carne,
1548 1291 1732 1374 poterant,
1756 1281 1909 1350 omniuo
1954 1324 1958 1331 ·

406 1397 623 1498 impossibile
650 1409 705 1468 est
732 1394 889 1467 evellere
912 1393 1153 1466 vermiculum
1176 1418 1220 1466 ex
1249 1393 1401 1466 latibulo
1422 1421 1505 1486 suo,
1529 1400 1666 1495 quippe
1692 1423 1768 1496 quo
1790 1376 1915 1498 magis·

407 1520 598 1595 extrahere
620 1544 810 1606 conamur,
829 1541 874 1588 eo
896 1516 1008 1612 magis
1021 1528 1106 1586 setae
1120 1516 1328 1604 irritantur,
1349 1540 1466 1614 coque
1479 1517 1694 1614 profundius
1714 1520 1753 1589 in
1771 1532 1911 1594 terram

407 1652 618 1741 penetrant,
642 1662 760 1735 eoque
786 1635 917 1708 exinde
939 1634 1116 1710 difficilior
1137 1637 1179 1737 fit
1199 1639 1384 1707 extractio.
1411 1638 1448 1708 Si
1471 1663 1557 1710 vero
1575 1638 1709 1710 animal
1723 1639 1909 1740 defatiga-

408 1786 510 1850 mus3
542 1761 571 1830 si
592 1771 732 1857 partem
758 1756 932 1853 corporis,
953 1779 1035 1852 quae
1057 1767 1158 1824 extra
1179 1753 1373 1826 latibulum
1394 1770 1466 1847 est,
1488 1758 1621 1855 exigua
1644 1758 1709 1832 sed
1732 1760 1910 1835 continub

409 1882 572 1953 tentione
590 1891 774 1966 tenemus,
797 1877 993 1947 contractio
1006 1873 1253 1966 musculorum
1272 1875 1418 1948 tandem
1435 1879 1589 1974 tempori
1609 1876 1721 1968 cedit,
1744 1893 1782 1951 et
1796 1879 1910 1965 facile

409 2004 594 2099 integrum
634 1996 878 2073 vermiculum
904 1994 1120 2084 evellimus3
1164 1993 1366 2066 cavendum
1401 2020 1472 2084 ne,
1504 2021 1589 2068 cum
1625 2010 1738 2070 tenue
1774 2025 1910 2099 corpus

412 2134 597 2210 tenemus,
625 2118 756 2191 fortius
775 2117 979 2205 trahamus,
1004 2115 1142 2214 quippe
1164 2112 1262 2210 quod
1289 2139 1420 2212 corpus
1443 2114 1522 2187 fere
1542 2141 1685 2215 semper
1706 2121 1912 2217 rumpitur.

460 2262 628 2333 Setarum
658 2285 744 2333 usus
771 2257 818 2332 ad
845 2256 996 2330 latibula
1022 2255 1210 2328 formanda
1239 2281 1313 2329 uon
1337 2259 1484 2329 omuino
1510 2262 1708 2332 necessario
1740 2261 1909 2355 videtur,

412 2382 584 2479 quoniam
613 2378 750 2450 scilicet
779 2377 984 2450 formantur
1007 2401 1073 2475 pro
1099 2375 1257 2447 maximi
1279 2391 1382 2478 parte
1410 2404 1479 2480 ope
1500 2378 1591 2455 labri
1609 2382 1823 2483 superioris,
1852 2384 1911 2457 uti

411 2500 487 2602 iam
507 2499 667 2585 vidimus.
685 2497 790 2598 uas
817 2496 901 2596 ⁵2)
978 2552 984 2563 ,

613 2803 656 2877 F.
705 2803 770 2876 De
800 2800 974 2898 Papillis
1002 2814 1072 2874 aut
1099 2801 1146 2875 de
1164 2803 1327 2925 fissuris
1359 2787 1692 2880 trmrsversalidrrs.

463 3060 534 3133 llic
547 3060 694 3159 incipit,
711 3072 756 3132 ut
769 3059 820 3132 ita
837 3057 971 3148 dicam,
983 3002 1146 3131 stiidium
1162 3082 1378 3156 organorum
1391 3073 1625 3135 externorum
1642 3062 1915 3138 Generationis·

413 3179 732 3281 Etenim,.papillae
747 3193 812 3254 aut
825 3181 960 3253 lissurae
974 3176 1224 3252 transversales
1234 3232 1245 3269 ,
1256 3177 1446 3272 clitellum,
1460 3196 1499 3254 ct
1512 3183 1677 3294 quiedam
1692 3184 1917 3282 appendices

412 3301 486 3374 sola
508 3315 596 3375 sunt
615 3327 749 3399 organa
773 3301 933 3373 exterius
955 3299 1107 3375 visibilia
1127 3298 1240 3398 hujus
1259 3299 1469 3372 functionis.

204 3450 342 3531 nicorio
354 3452 398 3507 ἰι·
463 3445 601 3517 Omnes
619 3459 801 3536 auctores,
817 3445 884 3543 qui
904 3444 1021 3516 fusius
1036 3443 1082 3517 de
1096 3442 1291 3517 Lumbrico
1305 3444 1417 3517 locuti
1440 3444 1612 3538 suerunt,
1640 3447 1808 3546 papillas,
1825 3475 1912 3550 quae

242 3532 361 3575 mm
413 3565 527 3667 liujus
546 3569 675 3665 capitis
688 3564 871 3667 objectum
887 3565 1094 3657 efformant,
1115 3564 1363 3640 observarunt.
1384 3565 1543 3654 Quidam
1558 3569 1652 3665 ipsas
1671 3570 1818 3642 nomine
1833 3596 1919 3666 po-

416 3712 541 3757 torum
562 3687 840 3785 insigniverunt.
869 3684 942 3758 Nos
962 3685 1023 3758 illa
1043 3712 1176 3786 organa
1202 3684 1464 3785 appellabimus
1485 3686 1636 3785 papillas
1658 3702 1724 3760 aut
1745 3691 1913 3786 fissuras,

414 3820 496 3882 uta
517 3809 615 3906 porix
633 3809 868 3905 respiratoriis
882 3807 1164 3906 distinguantur.
1187 3807 1259 3881 Sed
1277 3820 1440 3881 auctores
1459 3805 1513 3879 illi
1528 3805 1736 3880 nullomodo
1757 3835 1915 3884 consen-

415 3928 515 3999 tiunt
529 3928 626 3999 inter
642 3950 682 3999 se
697 3925 743 4000 de
760 3926 990 4021 muneribus,
1012 3927 1146 4025 quibus
1159 3927 1238 4000 haeo
1258 3951 1406 4024 corpora
1422 3924 1648 4023 funguntur,
1672 3929 1915 4023 quemadmo-

414 4044 505 4120 dum
532 4071 616 4119 mox
649 4044 826 4121 dicemus.
858 4048 1039 4119 Litium
1048 4097 1064 4132 ,
1100 4045 1235 4146 nbxqrre
1261 4045 1400 4138 dubio,
1437 4042 1638 4143 designavit
1666 4045 1793 4122 eadem
1832 4046 1919 4125 hnc

415 4192 548 4265 organa
569 4166 720 4239 nomine
732 4191 911 4260 potorum
927 4167 1158 4239 lateralium.
1176 4165 1237 4238 Ex
1254 4165 1399 4239 illorum
1418 4166 1600 4262 positione·
1611 4189 1728 4239 unum
1753 4192 1798 4240 cx
1814 4193 1920 4268 prae·-
1966 4230 1970 4237 .

415 4288 533 4384 cipuis
551 4288 696 4385 generis
719 4287 871 4358 criteriis
895 4284 1054 4358 ‹bducit
1097 4285 1163 4358 Hoe
1184 4286 1297 4384 igitur
1326 4283 1470 4384 papillae
1490 4283 1737 4358 observatione
1762 4289 1919 4365 omnino.

415 4418 503 4478 xnnt
516 4404 648 4503 digne.
675 4402 732 4476 Cl.
750 4405 973 4501 Montdgre,
991 4417 1036 4476 ut
1051 4404 1210 4496 videtur,
1221 4430 1355 4479 nomeu
1369 4404 1587 4504 pupillarum
1605 4404 1789 4483 exclusivo
1803 4408 1918 4491 modo

417 4522 518 4598 dedit
537 4524 675 4618 cristis,
693 4547 785 4624 quas
802 4549 913 4623 sopra
935 4526 1214 4602 memoravimus
1237 4526 1341 4625 (pag.
1362 4523 1449 4622 37.)
