4244 5850
948 489 1034 593 (tt
1062 489 1079 595 )

265 683 344 740 naas
370 656 569 760 abruptum
592 651 689 730 inter
716 652 995 730 Etntnttotdes
1022 667 1061 730 et
1090 653 1323 755 Condylopes
1349 655 1462 761 hujus
1489 661 1668 758 auctoris;
1700 666 1766 764 qui

263 783 436 859 transitus
457 805 500 854 eo
521 775 741 878 singularibs
762 776 938 869 occurrit,
960 774 1060 876 quod
1080 774 1276 879 Annelides
1297 795 1496 880 sequantur
1517 783 1763 885 Cirrhipedas‚

263 915 309 980 ut
324 901 366 978 hi
381 927 468 976 auus
479 899 680 973 Crustaceis
698 895 912 998 jungantur.
934 894 1105 971 Annulus
1121 898 1358 975 intermedius
1372 915 1426 975 est
1436 902 1515 997 itte,
1529 907 1595 1005 qui
1614 909 1765 983 minime

242 1023 433 1123 congruit
454 1047 542 1109 oum
565 1016 796 1109 animalibus,
819 1041 901 1117 quae
922 1015 1031 1116 ligat:
1058 1042 1143 1091 nam
1167 1044 1212 1093 ex
1236 1022 1313 1120 ipso
1335 1022 1433 1123 quod
1456 1024 1682 1127 Condylopes
1704 1031 1765 1103 in·-

263 1146 392 1223 atruoti
414 1147 486 1218 sint
506 1142 648 1243 organis
668 1140 914 1214 locomotionis
936 1140 1095 1212 externis
1116 1142 1253 1238 optime
1274 1143 1446 1237 evolutis,
1470 1149 1584 1246 magis
1609 1175 1764 1225 consan-

262 1280 412 1343 taneum
439 1278 533 1338 esset
562 1265 656 1363 ipsos
680 1262 848 1336 ordinare
881 1275 962 1361 post
995 1261 1242 1361 Cirrhipedes,
1281 1267 1345 1365 qui
1373 1269 1508 1365 pariter
1544 1271 1762 1370 appendices

264 1402 431 1464 externas
458 1401 497 1461 et
520 1385 725 1460 articulatas
750 1383 896 1457 habent.
929 1384 1046 1484 igitur
1080 1383 1277 1457 Annalides
1310 1388 1518 1460 immediate
1549 1391 1763 1468 collocarem

262 1524 343 1612 post
370 1508 603 1582 Conohiferas
631 1507 682 1579 sic
718 1504 852 1596 dictas,
884 1505 1330 1578 Mammas-tntum
1339 1557 1354 1592 ,
1390 1521 1435 1581 ut
1466 1512 1627 1584 transitio
1660 1516 1763 1590 lieret

264 1627 537 1728 Cirrbipedibus
559 1640 597 1701 et
620 1625 706 1700 inde
729 1626 774 1698 ad
799 1624 1009 1718 mustacea,
1036 1626 1191 1725 primam
1214 1619 1464 1730 Condylopum
1492 1633 1633 1706 seriem.

274 1790 277 1794 ·
316 1750 446 1825 Forma
468 1750 625 1848 corporis
646 1745 888 1837 Annelidum‚
912 1744 1010 1845 quod
1036 1758 1089 1818 est
1112 1746 1369 1838 semisomno,
1394 1738 1524 1848 saepius
1546 1754 1663 1851 capite
1689 1751 1765 1828 dis-

263 1870 395 1963 tincto,
418 1868 531 1943 oculis
551 1881 589 1941 et
610 1867 777 1941 antennis
799 1878 948 1964 egente,
970 1864 1194 1958 distitutum;
1212 1865 1377 1940 defectus
1399 1868 1535 1966 pedum
1552 1872 1762 1949 articulato·

261 2017 365 2084 rnm3
380 1989 547 2063 deiectus
563 1988 672 2061 etiam
692 1986 808 2059 cordis
823 1983 1094 2077 ventricularis3
1113 1984 1192 2057 hoeo
1207 1985 1326 2058 omnia
1343 1985 1496 2084 probant
1515 1988 1577 2062 illa
1593 1992 1760 2066 animalia

263 2125 384 2188 ortum
406 2136 480 2184 non
502 2110 646 2184 duxisse
665 2133 711 2182 ex
735 2106 954 2197 Crustaceis,
975 2107 1068 2204 quin
1087 2105 1161 2177 imo
1180 2106 1265 2204 ipsis
1285 2108 1547 2206 organisatione
1566 2135 1641 2184 esse
1662 2113 1763 2187 infe·

262 2233 370 2306 riora.
402 2232 573 2304 Attamen
603 2241 755 2329 systema
787 2252 983 2302 nervosum
1013 2225 1237 2299 Annalidum
1264 2227 1353 2301 buic
1383 2231 1555 2329 opinione
1586 2234 1762 2332 quasdam

262 2351 367 2428 affert
387 2350 678 2424 modificationes.
704 2350 747 2421 In
770 2346 970 2421 Crustaoeis
991 2360 1030 2419 et
1048 2346 1252 2425 Vermibus,
1265 2349 1444 2422 intestinis
1467 2354 1664 2449 cavitariis,
1690 2353 1762 2434 hoc

262 2485 414 2574 systema
437 2470 482 2544 ad
506 2470 670 2544 eamdem
691 2495 856 2541 normam
877 2493 919 2539 ac
942 2467 982 2538 in
1003 2466 1244 2542 Annelidibus
1267 2469 1495 2545 efformatum
1515 2487 1589 2546 est:
1614 2475 1760 2578 ganglio

260 2593 329 2669 sub
351 2593 550 2693 oesopbago
570 2594 678 2684 situs,
705 2590 909 2691 producens
934 2587 979 2661 ab
1005 2603 1162 2687 utraque
1188 2602 1290 2686 parte
1315 2591 1525 2667 funiculum
1550 2597 1627 2668 sive
1656 2597 1761 2673 filum

260 2739 479 2804 nervosum,
519 2711 618 2786 unde
653 2712 833 2784 formatur
869 2712 1005 2811 species
1043 2710 1169 2784 annuli
1204 2710 1439 2812 oesophagum
1476 2716 1759 2792 circumdantis:

258 2836 398 2940 junctio
421 2837 612 2933 utriusque
634 2832 704 2924 fili,
729 2832 801 2931 qui
824 2832 978 2906 allicitur
1001 2831 1153 2932 magnus
1170 2832 1253 2904 filus
1268 2857 1459 2907 recurrens
1480 2848 1518 2907 et
1537 2835 1759 2914 descendens

257 2958 298 3030 in
311 2954 578 3055 longitudinem
590 2953 747 3052 corporis
757 2952 976 3044 etinferius,
993 2953 1043 3024 ita
1058 2965 1101 3026 ut
1116 2965 1169 3024 tot
1187 2954 1261 3024 sint
1276 2953 1500 3052 gaugliones‚
1515 2971 1605 3056 quot
1621 2974 1758 3056 puncta

256 3077 453 3181 junctionis
472 3075 605 3148 horum
629 3074 772 3147 filorum
795 3075 968 3146 existunt.
994 3073 1090 3145 Talis
1112 3085 1166 3146 cst
1185 3071 1314 3144 modus
1333 3074 1528 3172 generalis,
1553 3079 1757 3156 secundum

258 3223 368 3299 quern
395 3207 642 3269 constructum
670 3205 725 3265 est
753 3205 905 3293 systema
932 3219 1126 3269 nervosum
1159 3194 1199 3264 in
1221 3191 1390 3266 classibus
1412 3195 1645 3289 animalium,
1673 3224 1757 3299 quae

255 3345 364 3420 supra
394 3318 548 3392 suerunt
574 3316 703 3388 citatae.
736 3313 941 3389 Observabo
970 3329 1092 3387 tamen
1120 3337 1318 3387 numerum
1345 3313 1579 3412 ganglionurn
1603 3331 1641 3390 et
1667 3342 1755 3394 ner-

255 3463 407 3531 vorum,
439 3437 504 3535 qui
536 3459 582 3507 ex
614 3433 686 3506 illis
718 3447 839 3508 ortum
872 3436 1040 3529 ducunt,
1075 3462 1141 3535 pro
1172 3434 1320 3511 diversis
1348 3435 1562 3509 animalibus
1588 3440 1752 3534 variare,

252 3573 291 3635 et
310 3561 350 3633 in
370 3556 539 3633 omnibus
564 3553 780 3646 articulatis,
797 3556 893 3630 inter
908 3582 990 3656 quae
1013 3568 1257 3629 numerantur
1285 3553 1503 3647 Annalides,
1532 3581 1663 3633 nervos
1689 3560 1750 3634 vel

120 3763 130 3771 ,
256 3680 447 3758 divisiones
468 3677 519 3750 fili
543 3676 763 3750 recurrentis
786 3676 935 3749 extendi
959 3702 980 3750 a
1003 3676 1183 3777 dextra-et
1206 3675 1346 3747 sinistra
1368 3689 1470 3774 parte
1490 3678 1565 3749 axis
1587 3676 1751 3780 longitu-

255 3800 403 3893 dinalis‚
420 3799 498 3899 qui
520 3797 647 3871 eodem
670 3794 740 3868 hoo
761 3795 821 3868 filo
843 3795 1116 3884 determinatur.

302 3921 343 3995 si
368 3944 471 3994 nunc
504 3916 734 3991 attendamus
755 3941 896 3993 vermes
917 3917 1104 3989 intestinos
1125 3914 1312 3990 cavitarios
1337 3910 1508 4014 praeditos
1535 3943 1611 3992 esse
1633 3936 1750 4021 syste-

256 4053 352 4116 mate
374 4063 527 4113 nervoso
553 4037 598 4109 ad
621 4035 785 4110 eamdem
812 4061 975 4108 normam
1007 4035 1213 4126 efformata,
1249 4047 1350 4107 extra
1379 4060 1523 4109 omnem
1549 4038 1747 4114 dubitatio-

254 4185 340 4236 nem
359 4159 516 4259 positum
540 4157 630 4249 erit,
654 4155 848 4229 Annalides
868 4178 914 4227 ex
932 4153 1030 4227 hisce
1043 4150 1264 4232 ,animalibus
1284 4153 1460 4251 originem
1480 4180 1581 4228 suam
1598 4157 1743 4233 ducere.
1795 4160 1799 4170 ’

254 4281 399 4357 Etenim
416 4277 521 4353 ambo
541 4302 670 4377 corpus
685 4276 820 4351 habant
839 4275 1089 4367 vermiforme‚
1110 4272 1335 4371 elongatum,
1352 4297 1447 4372 saepe
1470 4275 1613 4349 annulis
1627 4291 1746 4352 trans·-

254 4398 472 4491 versalibus,
494 4397 598 4470 nullo
619 4399 736 4496 capite
758 4397 936 4471 distincto.
962 4394 1167 4470 Similitudo
1189 4419 1315 4469 eorum
1335 4407 1432 4468 tanta
1450 4394 1597 4493 quidem
1614 4411 1685 4491 est,
1702 4413 1759 4474 ut·

253 4519 438 4595 Latreille
458 4519 629 4618 opinetur
649 4517 861 4618 (Familles
884 4516 936 4590 du
958 4517 1070 4617 re'gne
1091 4517 1255 4603 animal,
1271 4541 1317 4614 p.
1338 4515 1448 4615 509).
1472 4515 1646 4590 Entozoo
1669 4521 1743 4598 sive
