4244 5850
936 545 1072 645 (21)

242 721 391 797 modurn
424 706 571 821 semper
592 715 854 820 egressionibus
884 707 1044 788 bostium
1073 738 1222 786 suorrnn
1248 737 1324 788 esse
1348 716 1572 815 expositum,
1598 731 1635 790 et
1659 743 1753 819 quo-

152 892 162 913 .
243 847 341 919 niam
377 843 593 943 frequenter
621 867 642 915 e
675 841 770 914 terri
800 837 924 939 egredi
959 851 1132 938 cogatur,
1165 863 1312 938 semper·
1344 842 1437 913 aeris
1470 831 1754 936 variationibus,

243 969 367 1068 inquit
390 969 514 1053 Bosc,
541 965 717 1069 obnoxius
743 962 855 1066 jacet:
883 987 1041 1061 quarum
1064 961 1304 1036 variationum
1325 962 1487 1036 extrema
1521 967 1588 1064 ipsi
1618 967 1754 1066 pariter

242 1104 389 1194 nocent,
415 1087 526 1180 Quod
543 1087 587 1161 ad
605 1086 851 1162 evolutionem
873 1083 1061 1182 juniorum
1084 1098 1244 1185 spectat,
1270 1084 1456 1161 observavi
1478 1101 1556 1182 e'os,
1577 1103 1621 1163 ut
1639 1091 1753 1163 attin-

242 1228 331 1316 gant
352 1209 620 1311 longitudinem
642 1209 833 1282 transversi
854 1205 1010 1306 pollicis,
1029 1192 1136 1305 egere
1152 1207 1267 1281 tribus
1283 1209 1349 1283 ‘vel
1369 1225 1527 1309 quatuor
1544 1200 1749 1304 mensibus,

241 1362 309 1438 pro
331 1327 614 1408 circumstantiis
636 1332 719 1435 plus
747 1332 915 1404 minusve
936 1331 1161 1402 incremento
1185 1331 1405 1405 faventibusl
1436 1333 1522 1417 Via
1541 1349 1652 1434 ca'pnt
1676 1335 1751 1427 ΠΙ,

175 1451 178 1464 '
243 1472 330 1533 sect.
360 1458 404 1548 6,
424 1482 511 1557 pars
530 1457 593 1529 111:

292 1580 348 1654 Ne
371 1582 410 1653 in
438 1579 609 1655 inutilem
630 1579 855 1679 repetionem
883 1577 1108 1670 incidamus,
1136 1576 1230 1648 nihil
1252 1576 1313 1649 hic
1343 1577 1501 1653 diximus
1526 1579 1572 1653 de
1599 1581 1752 1679 copula-

242 1705 361 1799 tione,
385 1705 636 1805 generatione,
660 1716 750 1796 etc.;
768 1702 940 1802 quoniam
963 1702 1041 1776 haec
1061 1702 1546 1802 argumentapeculioribus
1571 1704 1750 1804 capitibus

242 1840 330 1904 sunt
353 1826 551 1902 mactanda.

256 1977 259 1983 ·
292 1948 480 2026 Lumbrici
499 1950 640 2048 ingenti
663 1945 766 2046 copiis
791 1960 981 2022 versantur
996 1947 1036 2019 in
1053 1947 1158 2019 terris
1175 1944 1240 2018 sibi
1261 1947 1410 2019 idoneis.
1435 1949 1556 2022 Pauca
1579 1948 1746 2024 animalia
1759 1954 1868 2033 norun
1887 1967 1983 2002 ΜΘ·

243 2085 318 2145 tam
347 2070 561 2167 frequenter
588 2081 807 2141 occurrunt:
835 2069 1031 2168 aliquando
1053 2067 1192 2142 milleni
1221 2049 1486 2163 inveniuntur,
1508 2072 1622 2170 spatio
1645 2072 1667 2144 3
1695 2071 1753 2146 vel
1806 2038 1860 2074 [Μ’

242 2193 268 2287 4
286 2191 437 2293 pedum.
466 2192 593 2283 Quum
616 2191 821 2282 autumnali
845 2205 1024 2291 tempore,
1047 2192 1086 2263 in
1106 2190 1219 2263 hortis
1239 2190 1325 2263 folia
1343 2216 1388 2264 ea
1406 2191 1593 2265 arboribus
1609 2191 1753 2292 delapsa

213 2369 218 2376 -
242 2315 439 2390 acervatim
455 2312 699 2411 colliguntur,
720 2336 864 2410 semper
883 2313 1043 2410 reperire
1060 2325 1113 2385 est
1126 2334 1204 2384 uno
1221 2312 1279 2386 vel
1296 2312 1438 2386 duobus
1457 2313 1590 2385 abhinc
1607 2313 1754 2405 diebus,

242 2460 465 2538 permagnus
486 2443 682 2527 numerus,
704 2433 772 2508 sub
794 2433 864 2507 illis
887 2436 1035 2509 acervis.
1068 2434 1256 2509 Lumbrici
1277 2433 1466 2511 terrestres
1486 2466 1505 2512 a
1532 2464 1618 2512 vere
1636 2465 1753 2539 usque
1815 2494 1819 2503 .

244 2559 290 2634 ad
309 2573 530 2634 autumnum
552 2571 740 2658 apparent.
767 2556 906 2657 Hyeme
927 2551 1101 2649 durante,
1125 2559 1377 2633 tantummodo
1394 2559 1534 2660 degunt
1550 2561 1618 2635 sub
1642 2561 1750 2635 terrbt
1890 2649 1893 2653 ⁸

292 2682 331 2756 Si
351 2683 550 2782 generatim
573 2680 697 2753 oculos
713 2674 947 2782 conjiciamus
967 2682 1006 2752 in
1030 2673 1145 2779 genus
1163 2682 1420 2774 Lumbricum,
1444 2684 1751 2781 quemadmodum
1787 2717 1921 2790 Regiones
1936 2717 1982 2767 ott

244 2833 263 2881 a
284 2806 443 2879 Ltnnaeo
464 2805 695 2878 efformatum
723 2816 796 2896 est,
818 2802 978 2901 exceptis
999 2801 1188 2902 speciebus
1211 2802 1386 2904 aquaticis
1408 2804 1467 2879 vel
1485 2807 1656 2898 marinis,
1684 2805 1752 2879 ob-
1769 2787 1952 2859 ¹²P⁴³¹³¹¹¹¹=¹⁰⁵

243 2952 431 3003 servamus
449 2926 488 2999 in
510 2923 584 2999 sold
607 2925 753 3025 Europi
776 2925 964 3016 animalia,
989 2924 1122 3025 quibus
1146 2940 1285 3000 constat
1309 2926 1403 3000 illud
1426 2953 1559 3026 genus,
1586 2929 1752 3027 mpetiria

243 3049 455 3150 Ignoramus
485 3073 530 3119 an
561 3049 819 3120 occurrantin
850 3046 1035 3138 Amerini,
1064 3045 1188 3120 Africa
1215 3062 1253 3121 et
1282 3048 1365 3121 Asiri
1389 3050 1750 3147 septentrionalibus,
1847 3027 1850 3034 ⁵

243 3169 475 3247 'verisimilius
494 3170 591 3242 enim
611 3183 684 3261 est,
698 3171 841 3245 ratione
862 3166 985 3241 habitb
1004 3170 1096 3241 airis
1117 3172 1329 3269 temperiei,
1346 3173 1441 3269 ipsos
1459 3172 1616 3244 inveniri
1636 3173 1674 3244 in
1695 3173 1755 3245 his

243 3290 471 3393 regionibus,
500 3317 611 3389 quam
639 3288 683 3362 ¹in
717 3289 794 3361 aliis
822 3290 893 3360 oris
918 3290 1032 3388 magis
1061 3289 1107 3363 ad
1136 3291 1325 3366 Meridiem
1354 3293 1606 3392 vergentibuS,
1636 3294 1752 3368 veluti

242 3413 410 3488 Amerina
430 3410 669 3486 Meridionali.
689 3410 770 3483 Non
787 3407 1031 3486 dubitandum
1048 3427 1171 3488 autem
1189 3429 1260 3509 est,
1276 3416 1368 3516 quin
1381 3420 1443 3489 aer
1458 3414 1752 3490 'maximamvim

168 3598 175 3606 .
243 3538 283 3613 in
305 3560 423 3610 mores
449 3549 487 3608 et
508 3536 619 3610 vitam
644 3535 779 3607 horum
801 3533 1014 3608 animalium
1034 3551 1214 3611 marceat.
1516 3538 1519 3545 ’

244 3708 250 3718 -
294 3657 462 3732 Vicissim
480 3659 637 3758 species,
663 3655 709 3730 de
731 3655 804 3756 quia
820 3659 865 3729 ¹iu
886 3656 1006 3727 nostrd
1028 3655 1276 3731 dissertatione
1297 3661 1436 3759 agitur,
1456 3684 1522 3758 per
1544 3661 1751 3734 universam
1846 3669 1848 3675 '

244 3782 427 3881 Europam
450 3793 504 3854 est
526 3780 679 3872 diffusa,
693 3792 730 3852 et
753 3777 920 3852 omnibus
943 3779 1124 3850 innotuit.»
1139 3779 1318 3854 Praeterea
1341 3781 1454 3853 variat
1474 3780 1547 3852 non
1568 3781 1685 3854 solum
1712 3783 1751 3853 in

220 3929 223 3933 ·
246 3904 378 3976 nostris
398 3901 626 4002 regionibus,
644 3900 707 3974 sed
726 3901 835 3974 etiam
856 3898 1086 4001 pro'diversr's
1101 3898 1208 3992 locis,
1226 3899 1289 3972 ubi
1307 3898 1418 4000 degit.
1445 3903 1549 3973 Bosa
1566 3902 1752 3975 contendit

243 4022 473 4116 Lumbricos,
503 4022 571 4095 sub
597 4025 697 4095 omni
718 4019 912 4109 latitudine
939 4019 1061 4094 obvios
1088 4039 1195 4114 esse,
1211 4022 1455 4111 Lunrbrlcum·
1475 4001 1692 4096 terrestrem·
1711 4027 1749 4095 in

244 4145 410 4220 Amerina
435 4145 547 4218 luisse
575 4158 786 4243 repertum,
812 4156 850 4216 et
876 4142 1003 4236 illum,
1029 4144 1189 4245 denique
1216 4144 1394 4245 probabili
1420 4147 1525 4219 modo
1557 4149 1595 4218 in
1612 4151 1750 4220 *ceteris

220 4280 425 4341 ·terrarunr
449 4264 543 4339 orbis
563 4264 772 4364 regionibus
793 4290 998 4339 occurrere.
1022 4266 1106 4339 Haec
1126 4279 1251 4341 tamen
1268 4270 1394 4367 opinio
1409 4268 1481 4342 sold
1504 4268 1751 4342 observatione

244 4387 467 4464 corroborari
494 4388 639 4487 poterit.
1114 4403 1118 4408 ’

294 4511 333 4584 si
354 4511 443 4585 fides
464 4523 518 4584 est
535 4509 738 4583 adhibenda
755 4512 960 4585 testimonio
988 4513 1117 4586 Caroli
1129 4514 1301 4613 Sigonii',
1327 4514 1482 4586 auctoris
1502 4538 1522 4584 a
1540 4513 1725 4584 Fronscio
1734 4566 1773 4605 „

244 4633 287 4709 itt
302 4630 450 4708 historid
472 4631 537 4737 sub
562 4631 776 4709 animalium
802 4635 928 4730 citati,
946 4635 1135 4712 Lumbrici
1158 4639 1292 4712 mirum
1315 4639 1369 4710 in‘
1383 4635 1532 4711 modum
1559 4638 1750 4737 propagari
