4200 5842
1058 533 1188 632 (76)

426 705 521 781 Sunt
548 703 745 804 laevigatae,
778 702 918 802 plane,
953 698 1000 773 ad
1032 714 1169 776 tactum
1202 698 1352 797 molles,
1385 703 1488 778 nulli
1520 709 1744 806 asperitate,
1782 710 1898 787 nulli

376 828 680 921 extumescentid,
699 828 878 926 integram
894 823 1020 897 clitelli
1032 824 1260 923 superficiem
1279 841 1518 925 occupantes,
1532 831 1652 929 ipsum
1667 858 1759 907 cum
1779 846 1898 911 textu

377 951 540 1026 cellulari
562 950 717 1024 aliorum
737 946 958 1021 annulorum
983 944 1257 1047 conjungentes.
1286 949 1567 1051 Diapbragmata
1589 954 1629 1026 in
1650 953 1792 1031 clitello
1819 982 1896 1059 pa-

375 1079 465 1149 riter
492 1101 534 1147 ac
561 1074 603 1146 in
631 1072 709 1145 aliis
735 1070 823 1144 locis
844 1082 1063 1144 occurrunt:
1095 1070 1195 1143 unde
1218 1072 1261 1142 lit
1286 1084 1330 1143 ut
1357 1073 1397 1143 iu
1422 1072 1618 1150 Lumbrico
1648 1091 1782 1176 aperto
1809 1076 1892 1152 nori

376 1196 486 1270 facile
507 1195 770 1293 distinguatur,
791 1192 854 1267 sed
875 1193 983 1265 series
1005 1204 1128 1263 tamen
1149 1188 1368 1264 annulorum
1384 1216 1475 1290 quos
1494 1209 1664 1294 occupat,
1685 1196 1769 1300 ejus
1784 1224 1893 1274 oras-

378 1317 498 1392 situdo
517 1319 637 1415 ipsum
659 1316 742 1387 satis
765 1313 947 1405 indicant3
972 1311 1091 1385 colore
1112 1313 1192 1385 fere
1213 1336 1355 1411 semper
1376 1326 1430 1386 est
1448 1318 1668 1391 aurantiaco.

428 1440 471 1511 ln
493 1437 626 1509 clitello
642 1436 715 1509 duo
734 1435 845 1508 latera
860 1435 1062 1534 distinguo:
1085 1460 1203 1508 unum
1226 1437 1387 1508 anterius
1406 1436 1563 1512 alterum
1582 1444 1668 1515 verd
1686 1444 1887 1542 posterius.
1949 1438 1952 1443 ’

379 1561 508 1652 Quum
519 1559 665 1633 nullum
686 1559 783 1631 inter
803 1583 863 1630 eos
878 1556 1077 1629 intercedat
1098 1556 1310 1649 discrimen,
1332 1556 1378 1631 de
1397 1558 1468 1631 illis
1487 1562 1691 1658 promiscue
1712 1590 1883 1664 agemus.

170 1706 240 1775 eju·
257 1705 353 1758 hura.
378 1684 474 1757 Sunt
497 1665 676 1773 ro'tunda,
704 1679 918 1763 circularia,
945 1680 1020 1752 sive
1045 1677 1199 1750 formam
1221 1676 1347 1751 clitelli
1371 1678 1580 1775 afficientia,
1603 1682 1687 1781 plus
1711 1686 1899 1763 minusve-

380 1803 566 1893 distincta3
591 1800 698 1873 modo
720 1800 868 1872 omuino
890 1798 935 1871 ab
955 1798 1099 1871 annulis
1115 1812 1319 1897 segregata,
1343 1800 1450 1873 modo
1472 1827 1557 1876 cum
1581 1802 1652 1876 illis
1667 1803 1887 1907 conjuncto,

381 1949 457 2023 quo
482 1925 588 1995 litut
616 1921 661 1994 ad
683 1934 824 2020 partem
850 1919 976 1993 clitelli
1001 1911 1222 2019 superiorem
1246 1924 1382 2021 species
1411 1925 1545 1998 canalis
1568 1927 1752 2002 circularis
1772 1954 1889 2033 repe-

381 2046 510 2119 riatur.
543 2043 606 2115 llla
633 2042 745 2119 latera
766 2056 853 2116 sunt
874 2042 1050 2114 diametro
1074 2042 1157 2141 plus
1178 2043 1344 2119 minusve
1365 2058 1514 2119 extenso
1534 2072 1643 2146 quam
1669 2050 1793 2149 ipsum
1816 2050 1890 2127 cli-

382 2164 526 2238 tellum.
562 2163 768 2263 Aliquando
797 2161 924 2235 eidem
949 2160 1110 2261 gaudent
1135 2162 1362 2262 longitudine
1391 2192 1432 2238 ac
1456 2166 1549 2241 illud
1576 2194 1766 2269 organum.
1798 2171 1890 2249 Uno

380 2287 509 2379 verbo,
526 2313 651 2361 omues
669 2286 884 2366 variationes
899 2311 991 2386 ques
1002 2284 1101 2360 subit
1122 2285 1298 2360 clitellum
1318 2289 1426 2361 etiam
1444 2289 1484 2360 in
1502 2288 1559 2361 bis
1573 2288 1745 2365 lateribus
1757 2291 1892 2371 locum

382 2411 596 2483 sortiuntur.

171 2537 366 2596 consistentia.
437 2530 673 2603 Consisteutia
689 2529 814 2603 clitelli
833 2528 1049 2629 generaliter
1070 2526 1195 2601 durior
1205 2541 1259 2601 est
1277 2554 1386 2628 quam
1404 2530 1532 2604 annuli
1554 2544 1593 2604 et
1611 2530 1754 2606 mollior
1770 2559 1892 2634 quam

382 2652 527 2754 papillae
551 2650 614 2727 16ἰ
633 2652 772 2725 annuli.
795 2651 934 2724 Testus
953 2651 1033 2750 ejus
1053 2649 1289 2724 videturesse
1307 2650 1506 2745 celltrlaris,
1527 2650 1775 2747 densissimus,
1797 2655 1894 2757 plu·

382 2778 483 2851 rimis
504 2777 542 2849 in
565 2775 652 2849 locis
672 2774 808 2849 divisus
829 2786 866 2846 et
887 2772 1090 2864 dehiscens,
1115 2770 1212 2871 quod
1239 2772 1327 2847 huic
1350 2798 1484 2873 organo
1508 2775 1664 2874 speciem
1685 2775 1893 2874 cicatricis,

382 2898 533 2990 ulceris,
559 2909 628 2971 etc.
654 2894 802 2997 prebet.

256 3031 349 3087 tutor.
432 3019 521 3122 Ejus
536 3020 634 3093 color
651 3022 765 3094 variat
775 3019 831 3092 uti
846 3016 920 3122 jam
937 3017 1107 3091 diximus.
1124 3016 1304 3119 Sempera
1320 3019 1462 3120 reliquo
1473 3044 1621 3120 corpore
1632 3019 1892 3121 distinguitur.

188 3140 356 3213 notatione
432 3142 684 3232 Extrinsecus,
699 3138 876 3213 clitellum
888 3141 1058 3239 congruit
1068 3139 1255 3240 utrimque
1271 3167 1356 3214 cum
1372 3140 1534 3234 annulis,
1550 3141 1649 3214 intus
1660 3141 1699 3213 iu
1707 3140 1895 3221 relatione

381 3278 545 3343 versatur
568 3290 654 3337 cum
677 3262 886 3363 regionibus
907 3260 1153 3362 superioribus
1173 3261 1305 3335 canalis
1324 3262 1554 3355 intestiualis,
1577 3261 1769 3360 paululum
1788 3262 1892 3340 inlr-a

381 3385 608 3459 stomachum
632 3387 697 3485 qui
721 3384 765 3457 ad
788 3387 890 3459 2811111
914 3384 1095 3457 annulum
1117 3385 1287 3457 occurrit.
1321 3382 1481 3474 Quidam
1505 3362 1684 3475 auctores,
1706 3379 1892 3479 (Lince,

381 3511 483 3608 Syst.
509 3509 629 3595 Nat,
656 3534 693 3582 ν.
720 3508 806 3580 VI.
826 3533 871 3606 p.
893 3508 1010 3599 3083,
1034 3504 1127 3581 13111
1147 3506 1260 3593 edis,
1285 3519 1322 3578 et
1345 3505 1555 3589 tamilla,
1590 3503 1709 3577 Mem.
1735 3528 1810 3576 sur
1827 3506 1893 3581 leo

381 3632 568 3704 animane
601 3630 828 3704 invertebres
864 3630 1048 3702 arricum
1057 3680 1072 3715 ‚
1112 3628 1318 3701 Mc'mot'res
1345 3624 1398 3698 du
1424 3625 1624 3709 Musdum,
1669 3634 1756 3695 tom.
1783 3624 1852 3699 -V
1846 3626 1890 3701 Ι.

374 3780 474 3855 pag.
499 3753 615 3853 116.)
640 3755 680 3827 in
701 3778 862 3827 errorem
881 3753 1036 3827 suerunt
1056 3750 1198 3825 inducti
1217 3773 1335 3849 quum
1357 3744 1590 3821 crediderunt
1613 3767 1742 3844 organa
1770 3768 1893 3846 gene·-

381 3878 532 3951 rationis
554 3875 689 3951 clitello
711 3877 903 3951 contineri.
1744 3861 1748 3868 ¹

256 4016 338 4073 utos
431 3999 648 4074 Videbimus
667 4001 897 4101 precipuum
917 3996 998 4102 ejus
1018 4023 1128 4073 usum
1146 3994 1282 4095 absque
1300 3990 1414 4068 dubio
1426 3991 1465 4063 in
1481 4013 1525 4063 eo
1548 3989 1737 4065 versarint
1759 4002 1892 4067 actum

381 4122 649 4199 fecundaticnis
666 4122 833 4225 adjuvet,
858 4120 921 4195 sed
937 4135 1060 4194 tamen
1076 4115 1288 4193 nullomodo
1304 4112 1558 4213 complectitur
1573 4107 1736 4210 quedam
1751 4135 1895 4211 orgum

381 4244 634 4320 fecundationi
647 4244 795 4338 idonea,
813 4244 985 4345 quoniam
1002 4242 1081 4315 hec
1093 4249 1292 4314 occurrunt
1307 4237 1448 4309 circum
1465 4234 1560 4307 circa
1574 4230 1753 4306 annulum
1769 4232 1894 4332 1611111,

381 4366 471 4441 dum
495 4365 675 4440 clitellum
700 4365 846 4438 nonnisi
869 4388 995 4438 versus
1018 4363 1119 4436 3211111
1142 4360 1338 4460 reperitur.
1648 4360 1652 4373 '

430 4486 471 4561 si
493 4487 596 4562 nulla
624 4511 803 4588 apparens
834 4485 955 4559 existit
980 4484 1107 4558 relatio
1136 4485 1233 4556 inter
1258 4503 1391 4578 organa
1424 4472 1664 4575 generationis
1687 4470 1899 4553 masculina

382 4618 423 4681 ct
441 4605 638 4702 clitellum,
664 4633 739 4681 non
760 4607 882 4681 minus
904 4620 1027 4680 tamen
1046 4616 1229 4709 procerte
1250 4598 1407 4673 babetur
1422 4596 1597 4698 posterius
1618 4593 1688 4668 boc
1709 4619 1901 4697 organum

385 4730 486 4805 serni
518 4728 786 4807 fecundationis
816 4754 892 4806 esse
930 4727 1168 4834 adjumento,
1201 4720 1511 4828 quemadmodum
1547 4743 1631 4793 mox
1665 4714 1900 4802 videbimus.
