4244 5850
653 476 752 548 ’·
887 518 1042 618 (229)

575 1052 802 1147 INDEX
876 1051 1355 1153 TABULARUM.

867 1364 1077 1403 ψ
1088 1380 1091 1386 2

275 1666 578 1768 Quandoquidem
610 1666 784 1743 ordinatio
810 1666 1014 1742 tabularum
1050 1663 1215 1765 plurimis
1244 1661 1441 1738 rationibus
1471 1677 1608 1739 mutato
1638 1666 1712 1738 fuit

228 1823 266 1884 et
290 1834 465 1887 novorum
487 1812 632 1885 iconum
652 1811 922 1887 intercalatione
943 1820 981 1884 et
1001 1810 1152 1884 aliorum
1174 1807 1403 1900 reductione,
1429 1832 1488 1880 eas
1509 1807 1710 1888 secundnm

229 1977 358 2029 novem
385 1952 651 2051 dispositionem
680 1978 894 2052 componere
926 1965 1069 2026 coactus
1095 1951 1164 2026 fut.
1201 1948 1276 2022 Hic·
1295 1973 1380 2048 ergo
1413 1947 1570 2024 indicem
1592 1947 1707 2040 oddo,

80 2157 81 2160 ,
229 2118 301 2192 quo
320 2092 521 2194 unicuique
547 2092 654 2168 focile
681 2095 751 2167 en't
774 2093 933 2168 tabulam
959 2092 1157 2195 quamlibet
1187 2094 1330 2166 citatem
1352 2093 1537 2185 invenire,
1568 2119 1653 2166 nom
1672 2092 1716 2166 id·

229 2230 296 2305 sibi
331 2233 415 2306 satis
446 2231 614 2328 habebit,
647 2234 736 2309 dum
769 2237 941 2311 ultimum
976 2261 1196 2329 nnmerum,
1238 2234 1463 2310 dextrorsum
1495 2236 1712 2334 inscriptum·

228 2372 359 2450 videat.
392 2374 462 2448 Isto
489 2375 670 2455 ordinatio
694 2402 767 2451 non
802 2379 1000 2456 interversa
1028 2379 1120 2471 fuit,
1159 2376 1251 2451 libro
1282 2378 1376 2478 typis
1405 2376 1477 2479 jom
1515 2376 1708 2472 mondoto,

226 2515 295 2589 nisi
321 2541 390 2614 pro
415 2515 544 2590 tobulis
569 2519 658 2595 XIII
683 2534 729 2596 et.
744 2522 855 2616 XIII,
881 2548 961 2623 quae
984 2523 1023 2595 in
1049 2547 1130 2595 uno
1148 2518 1433 2622 conjunguntur.

500 2780 588 2855 Tob.
614 2782 644 2857 Ι.

500 2937 588 3012 Τὼ.
615 2940 661 3012 Π.
689 2982 693 2987 -

497 3091 586 3166 Τὼ.
612 3093 684 3166 ΠΙ.

498 3245 587 3318 Τὼ.
613 3244 678 3319 IV.

498 3396 586 3469 Τὼ.
613 3397 668 3474 Τ.

498 3549 586 3622 Τὼ.
614 3550 677 3621 Vl.

1062 2781 1151 2856 Τὼ.
1177 2783 1215 2856 Ι..
1331 2795 1334 2801 ’

1063 2937 1152 3012 Τὼ.
1178 2939 1230 3011 11..
1401 3038 1407 3045 ·

1060 3090 1148 3165 Τὼ.
1174 3091 1243 3164 ΙΠ..

1063 3242 1151 3316 Τὼ.
1176 3243 1229 3315 IV
1232 3298 1248 3316 .,

1061 3394 1149 3468 Τὼ.
1176 3395 1223 3468 V.

1064 3549 1152 3622 Τὼ.
1179 3548 1242 3622 VI.

499 3701 587 3773 Τὼ.
615 3702 694 3773 VII.

499 3852 587 3924 Tob.
615 3854 711 3924 VIII.

500 4005 587 4076 Τὼ.
615 4007 680 4076 ΙΧ.

499 4159 587 4231 Τὼ.
616 4161 664 4230 X.

500 4313 587 4383 Tob.
615 4311 750 4384 X-bis.

500 4465 587 4537 Τὼ.
615 4466 680 4537 ΧΙ.

917 4507 965 4523 Ι
918 4353 967 4370 Ι
921 4203 969 4217 Ι
918 4045 965 4063 t
917 3894 965 3908 Ι
919 3743 967 3759 Ι
916 3590 965 3609 Ι
915 3439 964 3456 I
916 3287 966 3304 Ι
914 3131 963 3149 1
917 2979 966 2997 1
914 2826 963 2841 1

1066 3699 1154 3773 Τὼ.
1181 3700 1269 3774 ΤΠ.

1062 3852 1149 3925 Τὼ.
1178 3851 1272 3923 VIII.

1064 4003 1140 4076 Τὼ
1163 4006 1230 4077 ΙΧ.

1067 4158 1155 4231 Τὼ.
1182 4160 1240 4231 Χ.

1064 4311 1152 4384 Τὼ.
1180 4313 1245 4385 XI.

1063 4465 1150 4540 Τὼ.
1177 4467 1267 4540 ΧΠ.

1267 4646 1322 4720 30.
