<?xml version="1.0" encoding="UTF-8"?>
<!DOCTYPE html PUBLIC "-//W3C//DTD XHTML 1.0 Transitional//EN"
    "http://www.w3.org/TR/xhtml1/DTD/xhtml1-transitional.dtd">
<html xmlns="http://www.w3.org/1999/xhtml" xml:lang="en" lang="en">
 <head>
  <title>
</title>
<meta http-equiv="Content-Type" content="text/html;charset=utf-8" />
  <meta name='ocr-system' content='tesseract 3.04.00' />
  <meta name='ocr-capabilities' content='ocr_page ocr_carea ocr_par ocr_line ocrx_word'/>
</head>
<body>
  <div class='ocr_page' id='page_1' title='image "./delumbriciterre00morrgoog_0099.png"; bbox 0 0 4244 5850; ppageno 0'>
   <div class='ocr_carea' id='block_1_1' title="bbox 919 534 1047 638">
    <p class='ocr_par' dir='ltr' id='par_1_1' title="bbox 919 534 1047 638">
     <span class='ocr_line' id='line_1_1' title="bbox 919 534 1047 638; baseline 0.031 -4"><span class='ocrx_word' id='word_1_1' title='bbox 919 534 1047 638; x_wconf 83' lang='lat'>(75)</span> 
     </span>
    </p>
   </div>
   <div class='ocr_carea' id='block_1_2' title="bbox 161 705 2017 4557">
    <p class='ocr_par' dir='ltr' id='par_1_2' title="bbox 203 705 1738 936">
     <span class='ocr_line' id='line_1_2' title="bbox 203 705 1738 814; baseline 0.003 -30"><span class='ocrx_word' id='word_1_2' title='bbox 203 709 336 814; x_wconf 36' lang='lat' dir='ltr'>‚aspis</span> <span class='ocrx_word' id='word_1_3' title='bbox 359 721 519 800; x_wconf 77' lang='lat' dir='ltr'>eastant3</span> <span class='ocrx_word' id='word_1_4' title='bbox 539 729 668 782; x_wconf 87' lang='lat' dir='ltr'>verum</span> <span class='ocrx_word' id='word_1_5' title='bbox 690 715 743 778; x_wconf 89' lang='lat' dir='ltr'>sat</span> <span class='ocrx_word' id='word_1_6' title='bbox 763 715 819 776; x_wconf 84' lang='lat' dir='ltr'>est</span> <span class='ocrx_word' id='word_1_7' title='bbox 831 706 1031 803; x_wconf 85' lang='lat' dir='ltr'>praecipuas</span> <span class='ocrx_word' id='word_1_8' title='bbox 1053 728 1294 778; x_wconf 76' lang='lat' dir='ltr'>enumerasse.</span> <span class='ocrx_word' id='word_1_9' title='bbox 1318 705 1455 780; x_wconf 88' lang='lat' dir='ltr'>Eadem</span> <span class='ocrx_word' id='word_1_10' title='bbox 1473 721 1560 782; x_wconf 88' lang='lat' dir='ltr'>sunt</span> <span class='ocrx_word' id='word_1_11' title='bbox 1586 709 1738 788; x_wconf 89' lang='lat' dir='ltr'>dicenda</span> 
     </span>
     <span class='ocr_line' id='line_1_3' title="bbox 232 826 1736 936; baseline 0.003 -30"><span class='ocrx_word' id='word_1_12' title='bbox 232 832 354 936; x_wconf 79' lang='lat' dir='ltr'>quoad</span> <span class='ocrx_word' id='word_1_13' title='bbox 365 831 501 905; x_wconf 90' lang='lat' dir='ltr'>colores</span> <span class='ocrx_word' id='word_1_14' title='bbox 511 830 576 928; x_wconf 91' lang='lat' dir='ltr'>qui</span> <span class='ocrx_word' id='word_1_15' title='bbox 586 828 625 899; x_wconf 90' lang='lat' dir='ltr'>in</span> <span class='ocrx_word' id='word_1_16' title='bbox 636 826 856 899; x_wconf 89' lang='lat' dir='ltr'>immensum</span> <span class='ocrx_word' id='word_1_17' title='bbox 870 826 1022 898; x_wconf 87' lang='lat' dir='ltr'>variant.</span> <span class='ocrx_word' id='word_1_18' title='bbox 1031 827 1237 928; x_wconf 88' lang='lat' dir='ltr'>Praecipuos</span> <span class='ocrx_word' id='word_1_19' title='bbox 1248 831 1286 901; x_wconf 92' lang='lat' dir='ltr'>in</span> <span class='ocrx_word' id='word_1_20' title='bbox 1299 828 1430 904; x_wconf 89' lang='lat' dir='ltr'>tabulis</span> <span class='ocrx_word' id='word_1_21' title='bbox 1443 833 1530 904; x_wconf 89' lang='lat' dir='ltr'>meis</span> <span class='ocrx_word' id='word_1_22' title='bbox 1540 835 1736 936; x_wconf 86' lang='lat' dir='ltr'>notavi(l).·</span> 
     </span>
    </p>

    <p class='ocr_par' dir='ltr' id='par_1_3' title="bbox 203 945 1736 1521">
     <span class='ocr_line' id='line_1_4' title="bbox 281 945 1736 1045; baseline 0.002 -16"><span class='ocrx_word' id='word_1_23' title='bbox 281 953 423 1029; x_wconf 80' lang='lat' dir='ltr'>Taltula</span> <span class='ocrx_word' id='word_1_24' title='bbox 434 953 520 1027; x_wconf 77' lang='lat' dir='ltr'>Xma</span> <span class='ocrx_word' id='word_1_25' title='bbox 536 947 684 1023; x_wconf 84' lang='lat' dir='ltr'>exhibet</span> <span class='ocrx_word' id='word_1_26' title='bbox 697 945 817 1021; x_wconf 88' lang='lat' dir='ltr'>adhuc</span> <span class='ocrx_word' id='word_1_27' title='bbox 832 945 902 1018; x_wconf 91' lang='lat' dir='ltr'>hoc</span> <span class='ocrx_word' id='word_1_28' title='bbox 918 972 1095 1045; x_wconf 83' lang='lat' dir='ltr'>organum</span> <span class='ocrx_word' id='word_1_29' title='bbox 1111 952 1150 1022; x_wconf 92' lang='lat' dir='ltr'>in</span> <span class='ocrx_word' id='word_1_30' title='bbox 1169 955 1374 1028; x_wconf 74' lang='lat' dir='ltr'>tenerrime</span> <span class='ocrx_word' id='word_1_31' title='bbox 1389 955 1504 1029; x_wconf 86' lang='lat' dir='ltr'>aetatis</span> <span class='ocrx_word' id='word_1_32' title='bbox 1526 956 1736 1032; x_wconf 84' lang='lat' dir='ltr'>individuis.</span> 
     </span>
     <span class='ocr_line' id='line_1_5' title="bbox 203 1067 1736 1176; baseline 0.001 -23"><span class='ocrx_word' id='word_1_33' title='bbox 203 1117 205 1120; x_wconf 44' lang='lat'><strong>⁴</strong></span> <span class='ocrx_word' id='word_1_34' title='bbox 233 1075 510 1153; x_wconf 75' lang='lat' dir='ltr'>Observandum</span> <span class='ocrx_word' id='word_1_35' title='bbox 533 1074 647 1149; x_wconf 86' lang='lat' dir='ltr'>estin</span> <span class='ocrx_word' id='word_1_36' title='bbox 668 1078 837 1143; x_wconf 88' lang='lat' dir='ltr'>nascente</span> <span class='ocrx_word' id='word_1_37' title='bbox 858 1067 1006 1140; x_wconf 86' lang='lat' dir='ltr'>animali</span> <span class='ocrx_word' id='word_1_38' title='bbox 1029 1070 1205 1146; x_wconf 86' lang='lat' dir='ltr'>clitellam</span> <span class='ocrx_word' id='word_1_39' title='bbox 1227 1076 1383 1149; x_wconf 81' lang='lat' dir='ltr'>maxime</span> <span class='ocrx_word' id='word_1_40' title='bbox 1407 1101 1484 1151; x_wconf 84' lang='lat' dir='ltr'>esse</span> <span class='ocrx_word' id='word_1_41' title='bbox 1507 1077 1736 1176; x_wconf 89' lang='lat' dir='ltr'>distinctum,</span> 
     </span>
     <span class='ocr_line' id='line_1_6' title="bbox 233 1190 1736 1299; baseline 0 -23"><span class='ocrx_word' id='word_1_42' title='bbox 233 1199 367 1291; x_wconf 85' lang='lat' dir='ltr'>donec,</span> <span class='ocrx_word' id='word_1_43' title='bbox 391 1198 529 1297; x_wconf 80' lang='lat' dir='ltr'>aliquot</span> <span class='ocrx_word' id='word_1_44' title='bbox 553 1191 735 1268; x_wconf 91' lang='lat' dir='ltr'>mensibus</span> <span class='ocrx_word' id='word_1_45' title='bbox 758 1190 903 1289; x_wconf 88' lang='lat' dir='ltr'>elapsis,</span> <span class='ocrx_word' id='word_1_46' title='bbox 930 1218 1004 1264; x_wconf 90' lang='lat' dir='ltr'>non</span> <span class='ocrx_word' id='word_1_47' title='bbox 1028 1195 1176 1292; x_wconf 89' lang='lat' dir='ltr'>quidem</span> <span class='ocrx_word' id='word_1_48' title='bbox 1202 1199 1349 1270; x_wconf 89' lang='lat' dir='ltr'>omnino</span> <span class='ocrx_word' id='word_1_49' title='bbox 1368 1198 1430 1271; x_wconf 90' lang='lat' dir='ltr'>sed</span> <span class='ocrx_word' id='word_1_50' title='bbox 1454 1202 1585 1299; x_wconf 90' lang='lat' dir='ltr'>partim</span> <span class='ocrx_word' id='word_1_51' title='bbox 1609 1202 1736 1277; x_wconf 90' lang='lat' dir='ltr'>saltem</span> 
     </span>
     <span class='ocr_line' id='line_1_7' title="bbox 233 1319 1736 1423; baseline 0.001 -25.031"><span class='ocrx_word' id='word_1_52' title='bbox 233 1334 434 1423; x_wconf 81' lang='lat' dir='ltr'>e.vanescat</span> <span class='ocrx_word' id='word_1_53' title='bbox 460 1320 630 1392; x_wconf 90' lang='lat' dir='ltr'>Ceterum</span> <span class='ocrx_word' id='word_1_54' title='bbox 647 1339 764 1388; x_wconf 78' lang='lat' dir='ltr'>catrsae</span> <span class='ocrx_word' id='word_1_55' title='bbox 785 1326 963 1407; x_wconf 80' lang='lat' dir='ltr'>externae,</span> <span class='ocrx_word' id='word_1_56' title='bbox 987 1319 1073 1388; x_wconf 92' lang='lat' dir='ltr'>anni</span> <span class='ocrx_word' id='word_1_57' title='bbox 1094 1331 1303 1418; x_wconf 87' lang='lat' dir='ltr'>tempestas,</span> <span class='ocrx_word' id='word_1_58' title='bbox 1320 1333 1403 1392; x_wconf 87' lang='lat' dir='ltr'>aetas</span> <span class='ocrx_word' id='word_1_59' title='bbox 1417 1320 1457 1393; x_wconf 94' lang='lat' dir='ltr'>in</span> <span class='ocrx_word' id='word_1_60' title='bbox 1473 1321 1542 1394; x_wconf 92' lang='lat' dir='ltr'>hoc</span> <span class='ocrx_word' id='word_1_61' title='bbox 1558 1349 1736 1422; x_wconf 86' lang='lat' dir='ltr'>organum</span> 
     </span>
     <span class='ocr_line' id='line_1_8' title="bbox 232 1443 736 1521; baseline -0.022 -1"><span class='ocrx_word' id='word_1_62' title='bbox 232 1445 428 1521; x_wconf 82' lang='lat' dir='ltr'>maximam</span> <span class='ocrx_word' id='word_1_63' title='bbox 452 1443 527 1514; x_wconf 90' lang='lat' dir='ltr'>vim</span> <span class='ocrx_word' id='word_1_64' title='bbox 551 1450 736 1514; x_wconf 75' lang='lat' dir='ltr'>exercent.</span> 
     </span>
    </p>

    <p class='ocr_par' dir='ltr' id='par_1_4' title="bbox 281 1557 1680 1663">
     <span class='ocr_line' id='line_1_9' title="bbox 281 1557 1680 1663; baseline -0.002 -23"><span class='ocrx_word' id='word_1_65' title='bbox 281 1568 327 1641; x_wconf 93' lang='lat' dir='ltr'>In</span> <span class='ocrx_word' id='word_1_66' title='bbox 353 1564 489 1640; x_wconf 86' lang='lat' dir='ltr'>clitella</span> <span class='ocrx_word' id='word_1_67' title='bbox 517 1577 674 1663; x_wconf 88' lang='lat' dir='ltr'>quatuor</span> <span class='ocrx_word' id='word_1_68' title='bbox 701 1561 909 1660; x_wconf 85' lang='lat' dir='ltr'>superficies</span> <span class='ocrx_word' id='word_1_69' title='bbox 935 1557 1141 1659; x_wconf 79' lang='lat' dir='ltr'>distinguo.</span> <span class='ocrx_word' id='word_1_70' title='bbox 1171 1562 1196 1630; x_wconf 79' lang='lat'>2</span> <span class='ocrx_word' id='word_1_71' title='bbox 1217 1573 1384 1634; x_wconf 85' lang='lat' dir='ltr'>externas</span> <span class='ocrx_word' id='word_1_72' title='bbox 1405 1576 1442 1635; x_wconf 93' lang='lat' dir='ltr'>et</span> <span class='ocrx_word' id='word_1_73' title='bbox 1463 1562 1519 1634; x_wconf 78' lang='lat'><strong>2</strong></span> <span class='ocrx_word' id='word_1_74' title='bbox 1509 1578 1680 1637; x_wconf 90' lang='lat' dir='ltr'>1uternas.</span> 
     </span>
    </p>

    <p class='ocr_par' dir='ltr' id='par_1_5' title="bbox 161 1681 1947 2251">
     <span class='ocr_line' id='line_1_10' title="bbox 282 1681 1947 1788; baseline 0.001 -28"><span class='ocrx_word' id='word_1_75' title='bbox 282 1692 336 1760; x_wconf 79' lang='lat'>1=⁰.</span> <span class='ocrx_word' id='word_1_76' title='bbox 363 1686 503 1759; x_wconf 79' lang='lat' dir='ltr'>Fames</span> <span class='ocrx_word' id='word_1_77' title='bbox 514 1697 670 1756; x_wconf 83' lang='lat' dir='ltr'>externa</span> <span class='ocrx_word' id='word_1_78' title='bbox 681 1682 846 1754; x_wconf 75' lang='lat' dir='ltr'>dorsalis</span> <span class='ocrx_word' id='word_1_79' title='bbox 853 1735 868 1769; x_wconf 89' lang='lat'><em>‚</em></span> <span class='ocrx_word' id='word_1_80' title='bbox 882 1696 936 1755; x_wconf 89' lang='lat' dir='ltr'>est</span> <span class='ocrx_word' id='word_1_81' title='bbox 948 1681 1244 1782; x_wconf 85' lang='lat' dir='ltr'>vulgolaevigata,</span> <span class='ocrx_word' id='word_1_82' title='bbox 1250 1708 1411 1757; x_wconf 81' lang='lat' dir='ltr'>convexa</span> <span class='ocrx_word' id='word_1_83' title='bbox 1421 1685 1514 1783; x_wconf 81' lang='lat' dir='ltr'>(fig</span> <span class='ocrx_word' id='word_1_84' title='bbox 1523 1689 1559 1760; x_wconf 86' lang='lat'>8</span> <span class='ocrx_word' id='word_1_85' title='bbox 1569 1688 1647 1759; x_wconf 83' lang='lat' dir='ltr'>tab.</span> <span class='ocrx_word' id='word_1_86' title='bbox 1660 1687 1736 1788; x_wconf 87' lang='lat' dir='ltr'>V.)</span> <span class='ocrx_word' id='word_1_87' title='bbox 1754 1703 1947 1762; x_wconf 70' lang='lat' dir='ltr'>Faciamus·</span> 
     </span>
     <span class='ocr_line' id='line_1_11' title="bbox 232 1774 1933 1917; baseline -0.003 -30"><span class='ocrx_word' id='word_1_88' title='bbox 232 1823 297 1887; x_wconf 80' lang='lat' dir='ltr'>ant</span> <span class='ocrx_word' id='word_1_89' title='bbox 316 1835 474 1884; x_wconf 88' lang='lat' dir='ltr'>concava</span> <span class='ocrx_word' id='word_1_90' title='bbox 497 1807 590 1907; x_wconf 78' lang='lat' dir='ltr'><em>(fig.</em></span> <span class='ocrx_word' id='word_1_91' title='bbox 609 1808 669 1880; x_wconf 85' lang='lat'>13.</span> <span class='ocrx_word' id='word_1_92' title='bbox 690 1807 768 1878; x_wconf 85' lang='lat' dir='ltr'>tab.</span> <span class='ocrx_word' id='word_1_93' title='bbox 790 1807 873 1904; x_wconf 86' lang='lat' dir='ltr'>V.)</span> <span class='ocrx_word' id='word_1_94' title='bbox 887 1808 1124 1879; x_wconf 77' lang='lat' dir='ltr'>convexitate</span> <span class='ocrx_word' id='word_1_95' title='bbox 1142 1830 1301 1904; x_wconf 88' lang='lat' dir='ltr'>superne</span> <span class='ocrx_word' id='word_1_96' title='bbox 1323 1807 1506 1882; x_wconf 90' lang='lat' dir='ltr'>conversa.</span> <span class='ocrx_word' id='word_1_97' title='bbox 1531 1807 1736 1917; x_wconf 88' lang='lat' dir='ltr'>Aliquando</span> <span class='ocrx_word' id='word_1_98' title='bbox 1753 1791 1790 1828; x_wconf 70' lang='lat'>¹¹³</span> <span class='ocrx_word' id='word_1_99' title='bbox 1808 1774 1933 1830; x_wconf 45' lang='lat' dir='ltr'>dm*</span> 
     </span>
     <span class='ocr_line' id='line_1_12' title="bbox 233 1926 1735 2030; baseline -0.005 -21"><span class='ocrx_word' id='word_1_100' title='bbox 233 1945 293 2009; x_wconf 79' lang='lat' dir='ltr'>est·</span> <span class='ocrx_word' id='word_1_101' title='bbox 304 1955 452 2030; x_wconf 87' lang='lat' dir='ltr'>rugosa,</span> <span class='ocrx_word' id='word_1_102' title='bbox 478 1943 515 2000; x_wconf 90' lang='lat' dir='ltr'>et</span> <span class='ocrx_word' id='word_1_103' title='bbox 537 1926 729 2027; x_wconf 88' lang='lat' dir='ltr'>permultis</span> <span class='ocrx_word' id='word_1_104' title='bbox 746 1926 950 2026; x_wconf 73' lang='lat' dir='ltr'>plicamus,</span> <span class='ocrx_word' id='word_1_105' title='bbox 972 1928 1114 2028; x_wconf 84' lang='lat' dir='ltr'>angulis</span> <span class='ocrx_word' id='word_1_106' title='bbox 1130 1929 1237 2000; x_wconf 88' lang='lat' dir='ltr'>rectis</span> <span class='ocrx_word' id='word_1_107' title='bbox 1252 1952 1329 2000; x_wconf 88' lang='lat' dir='ltr'>sese</span> <span class='ocrx_word' id='word_1_108' title='bbox 1349 1926 1568 2020; x_wconf 88' lang='lat' dir='ltr'>secantibus,</span> <span class='ocrx_word' id='word_1_109' title='bbox 1591 1943 1735 2027; x_wconf 85' lang='lat' dir='ltr'>notata,</span> 
     </span>
     <span class='ocr_line' id='line_1_13' title="bbox 232 2047 1736 2145; baseline -0.001 -16"><span class='ocrx_word' id='word_1_110' title='bbox 232 2055 281 2129; x_wconf 77' lang='lat' dir='ltr'>tu</span> <span class='ocrx_word' id='word_1_111' title='bbox 303 2065 348 2126; x_wconf 91' lang='lat' dir='ltr'>ut</span> <span class='ocrx_word' id='word_1_112' title='bbox 359 2053 468 2124; x_wconf 91' lang='lat' dir='ltr'>rimas</span> <span class='ocrx_word' id='word_1_113' title='bbox 488 2049 676 2122; x_wconf 86' lang='lat' dir='ltr'>dehiscens</span> <span class='ocrx_word' id='word_1_114' title='bbox 696 2048 989 2145; x_wconf 78' lang='lat' dir='ltr'>videatur3-raro</span> <span class='ocrx_word' id='word_1_115' title='bbox 1009 2047 1260 2123; x_wconf 90' lang='lat' dir='ltr'>tantummodo</span> <span class='ocrx_word' id='word_1_116' title='bbox 1277 2047 1590 2124; x_wconf 87' lang='lat' dir='ltr'>intersectionibus</span> <span class='ocrx_word' id='word_1_117' title='bbox 1613 2077 1736 2127; x_wconf 90' lang='lat' dir='ltr'>annu-</span> 
     </span>
     <span class='ocr_line' id='line_1_14' title="bbox 161 2171 558 2251; baseline -0.025 0"><span class='ocrx_word' id='word_1_118' title='bbox 161 2226 164 2230; x_wconf 57' lang='lat'><strong><em>&gt;</em></strong></span> <span class='ocrx_word' id='word_1_119' title='bbox 231 2172 367 2251; x_wconf 81' lang='lat' dir='ltr'>laribus</span> <span class='ocrx_word' id='word_1_120' title='bbox 386 2171 558 2247; x_wconf 86' lang='lat' dir='ltr'>sulcatur.</span> 
     </span>
    </p>

    <p class='ocr_par' dir='ltr' id='par_1_6' title="bbox 232 2289 1733 2510">
     <span class='ocr_line' id='line_1_15' title="bbox 278 2289 1733 2393; baseline 0 -25"><span class='ocrx_word' id='word_1_121' title='bbox 278 2295 384 2393; x_wconf 66' lang='lat' dir='ltr'>Saepe</span> <span class='ocrx_word' id='word_1_122' title='bbox 405 2293 566 2366; x_wconf 91' lang='lat' dir='ltr'>ulcerosa</span> <span class='ocrx_word' id='word_1_123' title='bbox 588 2304 642 2363; x_wconf 89' lang='lat' dir='ltr'>est</span> <span class='ocrx_word' id='word_1_124' title='bbox 658 2291 736 2363; x_wconf 83' lang='lat' dir='ltr'>haec</span> <span class='ocrx_word' id='word_1_125' title='bbox 752 2290 880 2386; x_wconf 83' lang='lat' dir='ltr'>facies3</span> <span class='ocrx_word' id='word_1_126' title='bbox 902 2290 1013 2391; x_wconf 84' lang='lat' dir='ltr'>vulgo</span> <span class='ocrx_word' id='word_1_127' title='bbox 1034 2293 1242 2366; x_wconf 84' lang='lat' dir='ltr'>aurantiaco</span> <span class='ocrx_word' id='word_1_128' title='bbox 1260 2292 1336 2366; x_wconf 90' lang='lat' dir='ltr'>sive</span> <span class='ocrx_word' id='word_1_129' title='bbox 1356 2289 1604 2367; x_wconf 57' lang='lat' dir='ltr'>colore‘livide</span> <span class='ocrx_word' id='word_1_130' title='bbox 1621 2293 1733 2368; x_wconf 84' lang='lat' dir='ltr'>rubro</span> 
     </span>
     <span class='ocr_line' id='line_1_16' title="bbox 232 2410 835 2510; baseline -0.008 -21"><span class='ocrx_word' id='word_1_131' title='bbox 232 2414 275 2491; x_wconf 85' lang='lat' dir='ltr'>ad</span> <span class='ocrx_word' id='word_1_132' title='bbox 296 2413 433 2490; x_wconf 89' lang='lat' dir='ltr'>llavum</span> <span class='ocrx_word' id='word_1_133' title='bbox 462 2419 634 2510; x_wconf 84' lang='lat' dir='ltr'>vergente</span> <span class='ocrx_word' id='word_1_134' title='bbox 656 2410 835 2484; x_wconf 90' lang='lat' dir='ltr'>induitur.</span> 
     </span>
    </p>

    <p class='ocr_par' dir='ltr' id='par_1_7' title="bbox 227 2531 1942 3221">
     <span class='ocr_line' id='line_1_17' title="bbox 276 2531 1942 2632; baseline 0.001 -22"><span class='ocrx_word' id='word_1_135' title='bbox 276 2539 333 2610; x_wconf 79' lang='lat'>2⁰.</span> <span class='ocrx_word' id='word_1_136' title='bbox 352 2537 492 2608; x_wconf 83' lang='lat' dir='ltr'>Facies</span> <span class='ocrx_word' id='word_1_137' title='bbox 508 2547 663 2604; x_wconf 82' lang='lat' dir='ltr'>externa</span> <span class='ocrx_word' id='word_1_138' title='bbox 679 2534 861 2604; x_wconf 69' lang='lat' dir='ltr'>centralis</span> <span class='ocrx_word' id='word_1_139' title='bbox 882 2531 960 2605; x_wconf 84' lang='lat' dir='ltr'>fere</span> <span class='ocrx_word' id='word_1_140' title='bbox 973 2557 1116 2632; x_wconf 90' lang='lat' dir='ltr'>semper</span> <span class='ocrx_word' id='word_1_141' title='bbox 1139 2547 1193 2606; x_wconf 89' lang='lat' dir='ltr'>est</span> <span class='ocrx_word' id='word_1_142' title='bbox 1211 2532 1318 2632; x_wconf 89' lang='lat' dir='ltr'>plana</span> <span class='ocrx_word' id='word_1_143' title='bbox 1337 2533 1397 2610; x_wconf 85' lang='lat' dir='ltr'>vel</span> <span class='ocrx_word' id='word_1_144' title='bbox 1413 2549 1588 2627; x_wconf 81' lang='lat' dir='ltr'>concava,</span> <span class='ocrx_word' id='word_1_145' title='bbox 1613 2534 1731 2609; x_wconf 89' lang='lat' dir='ltr'>colore</span> <span class='ocrx_word' id='word_1_146' title='bbox 1748 2563 1839 2620; x_wconf 78' lang='lat' dir='ltr'>Facies</span> <span class='ocrx_word' id='word_1_147' title='bbox 1856 2577 1942 2623; x_wconf 70' lang='lat' dir='ltr'>exter-</span> 
     </span>
     <span class='ocr_line' id='line_1_18' title="bbox 229 2637 1938 2760; baseline 0.001 -29"><span class='ocrx_word' id='word_1_148' title='bbox 229 2658 436 2760; x_wconf 70' lang='lat' dir='ltr'>pdlidiore,</span> <span class='ocrx_word' id='word_1_149' title='bbox 459 2656 561 2730; x_wconf 91' lang='lat' dir='ltr'>rimis</span> <span class='ocrx_word' id='word_1_150' title='bbox 578 2653 784 2747; x_wconf 86' lang='lat' dir='ltr'>dehiscens,</span> <span class='ocrx_word' id='word_1_151' title='bbox 797 2668 861 2727; x_wconf 91' lang='lat' dir='ltr'>aut</span> <span class='ocrx_word' id='word_1_152' title='bbox 877 2654 1063 2753; x_wconf 88' lang='lat' dir='ltr'>plicaturis</span> <span class='ocrx_word' id='word_1_153' title='bbox 1086 2655 1264 2754; x_wconf 88' lang='lat' dir='ltr'>lineisque</span> <span class='ocrx_word' id='word_1_154' title='bbox 1289 2659 1457 2731; x_wconf 88' lang='lat' dir='ltr'>tortuosis</span> <span class='ocrx_word' id='word_1_155' title='bbox 1472 2670 1613 2730; x_wconf 89' lang='lat' dir='ltr'>notata:</span> <span class='ocrx_word' id='word_1_156' title='bbox 1633 2659 1731 2734; x_wconf 88' lang='lat' dir='ltr'>unde</span> <span class='ocrx_word' id='word_1_157' title='bbox 1749 2651 1787 2690; x_wconf 68' lang='lat'>¹²³</span> <span class='ocrx_word' id='word_1_158' title='bbox 1798 2637 1938 2695; x_wconf 58' lang='lat' dir='ltr'>&#39;‘mn‘&#39;</span> 
     </span>
     <span class='ocr_line' id='line_1_19' title="bbox 229 2776 1730 2878; baseline 0 -21"><span class='ocrx_word' id='word_1_159' title='bbox 229 2783 278 2856; x_wconf 77' lang='lat' dir='ltr'>fit</span> <span class='ocrx_word' id='word_1_160' title='bbox 289 2795 334 2855; x_wconf 87' lang='lat' dir='ltr'>ut</span> <span class='ocrx_word' id='word_1_161' title='bbox 354 2780 528 2853; x_wconf 86' lang='lat' dir='ltr'>cicatricis</span> <span class='ocrx_word' id='word_1_162' title='bbox 550 2781 708 2876; x_wconf 91' lang='lat' dir='ltr'>speciem</span> <span class='ocrx_word' id='word_1_163' title='bbox 728 2803 858 2877; x_wconf 84' lang='lat' dir='ltr'>praese</span> <span class='ocrx_word' id='word_1_164' title='bbox 870 2777 978 2850; x_wconf 77' lang='lat' dir='ltr'>serat.</span> <span class='ocrx_word' id='word_1_165' title='bbox 997 2777 1220 2877; x_wconf 83' lang='lat' dir='ltr'>Aliquando,</span> <span class='ocrx_word' id='word_1_166' title='bbox 1239 2776 1301 2851; x_wconf 89' lang='lat' dir='ltr'>sod</span> <span class='ocrx_word' id='word_1_167' title='bbox 1319 2803 1461 2878; x_wconf 88' lang='lat' dir='ltr'>semper</span> <span class='ocrx_word' id='word_1_168' title='bbox 1477 2793 1557 2878; x_wconf 89' lang='lat' dir='ltr'>post</span> <span class='ocrx_word' id='word_1_169' title='bbox 1573 2786 1730 2874; x_wconf 89' lang='lat' dir='ltr'>coitum,</span> 
     </span>
     <span class='ocr_line' id='line_1_20' title="bbox 229 2898 1731 3004; baseline -0.001 -26"><span class='ocrx_word' id='word_1_170' title='bbox 229 2902 481 3001; x_wconf 89' lang='lat' dir='ltr'>colliquiarum</span> <span class='ocrx_word' id='word_1_171' title='bbox 504 2903 542 2972; x_wconf 94' lang='lat' dir='ltr'>in</span> <span class='ocrx_word' id='word_1_172' title='bbox 566 2898 714 2971; x_wconf 88' lang='lat' dir='ltr'>modurn</span> <span class='ocrx_word' id='word_1_173' title='bbox 737 2912 950 2991; x_wconf 86' lang='lat' dir='ltr'>excavatur,</span> <span class='ocrx_word' id='word_1_174' title='bbox 973 2899 1130 2998; x_wconf 87' lang='lat' dir='ltr'>ideoque</span> <span class='ocrx_word' id='word_1_175' title='bbox 1152 2900 1268 2973; x_wconf 89' lang='lat' dir='ltr'>solum</span> <span class='ocrx_word' id='word_1_176' title='bbox 1286 2904 1433 2973; x_wconf 84' lang='lat' dir='ltr'>nonnisi</span> <span class='ocrx_word' id='word_1_177' title='bbox 1450 2901 1591 2975; x_wconf 90' lang='lat' dir='ltr'>duobus</span> <span class='ocrx_word' id='word_1_178' title='bbox 1614 2906 1731 3004; x_wconf 86' lang='lat' dir='ltr'>tangit</span> 
     </span>
     <span class='ocr_line' id='line_1_21' title="bbox 227 3018 1729 3125; baseline -0.002 -26"><span class='ocrx_word' id='word_1_179' title='bbox 227 3022 379 3101; x_wconf 87' lang='lat' dir='ltr'>tumulis</span> <span class='ocrx_word' id='word_1_180' title='bbox 398 3018 738 3120; x_wconf 88' lang='lat' dir='ltr'>longitudinalibus,</span> <span class='ocrx_word' id='word_1_181' title='bbox 758 3020 833 3093; x_wconf 89' lang='lat' dir='ltr'>sive</span> <span class='ocrx_word' id='word_1_182' title='bbox 854 3020 984 3113; x_wconf 89' lang='lat' dir='ltr'>cristis,</span> <span class='ocrx_word' id='word_1_183' title='bbox 1007 3021 1183 3094; x_wconf 87' lang='lat' dir='ltr'>similibus</span> <span class='ocrx_word' id='word_1_184' title='bbox 1204 3021 1276 3094; x_wconf 90' lang='lat' dir='ltr'>illis</span> <span class='ocrx_word' id='word_1_185' title='bbox 1298 3047 1389 3123; x_wconf 88' lang='lat' dir='ltr'>quas</span> <span class='ocrx_word' id='word_1_186' title='bbox 1404 3024 1583 3122; x_wconf 89' lang='lat' dir='ltr'>inprimis</span> <span class='ocrx_word' id='word_1_187' title='bbox 1599 3049 1729 3125; x_wconf 88' lang='lat' dir='ltr'>corpo-</span> 
     </span>
     <span class='ocr_line' id='line_1_22' title="bbox 227 3141 743 3221; baseline -0.021 1"><span class='ocrx_word' id='word_1_188' title='bbox 227 3149 275 3221; x_wconf 87' lang='lat' dir='ltr'>ris</span> <span class='ocrx_word' id='word_1_189' title='bbox 295 3143 441 3218; x_wconf 90' lang='lat' dir='ltr'>annnlis</span> <span class='ocrx_word' id='word_1_190' title='bbox 464 3141 743 3215; x_wconf 88' lang='lat' dir='ltr'>observavimus.</span> 
     </span>
    </p>

    <p class='ocr_par' dir='ltr' id='par_1_8' title="bbox 224 3260 1729 4317">
     <span class='ocr_line' id='line_1_23' title="bbox 273 3260 1728 3360; baseline -0.001 -19"><span class='ocrx_word' id='word_1_191' title='bbox 273 3266 358 3341; x_wconf 82' lang='lat' dir='ltr'>Illas</span> <span class='ocrx_word' id='word_1_192' title='bbox 380 3266 501 3338; x_wconf 89' lang='lat' dir='ltr'>cristas</span> <span class='ocrx_word' id='word_1_193' title='bbox 525 3263 705 3336; x_wconf 90' lang='lat' dir='ltr'>delineavi</span> <span class='ocrx_word' id='word_1_194' title='bbox 731 3263 770 3334; x_wconf 93' lang='lat' dir='ltr'>in</span> <span class='ocrx_word' id='word_1_195' title='bbox 798 3260 869 3346; x_wconf 84' lang='lat' dir='ltr'>dd,</span> <span class='ocrx_word' id='word_1_196' title='bbox 883 3261 962 3360; x_wconf 85' lang='lat' dir='ltr'>fig.</span> <span class='ocrx_word' id='word_1_197' title='bbox 989 3265 1026 3334; x_wconf 80' lang='lat'>2.</span> <span class='ocrx_word' id='word_1_198' title='bbox 1055 3263 1133 3335; x_wconf 83' lang='lat' dir='ltr'>tab.</span> <span class='ocrx_word' id='word_1_199' title='bbox 1158 3262 1247 3336; x_wconf 92' lang='lat' dir='ltr'><em>III.</em></span> <span class='ocrx_word' id='word_1_200' title='bbox 1276 3261 1341 3336; x_wconf 84' lang='lat' dir='ltr'>Hae</span> <span class='ocrx_word' id='word_1_201' title='bbox 1363 3263 1520 3336; x_wconf 83' lang='lat' dir='ltr'>sormam·</span> <span class='ocrx_word' id='word_1_202' title='bbox 1539 3264 1728 3340; x_wconf 71' lang='lat' dir='ltr'>mediana-³</span> 
     </span>
     <span class='ocr_line' id='line_1_24' title="bbox 227 3382 1729 3485; baseline 0.001 -25"><span class='ocrx_word' id='word_1_203' title='bbox 227 3414 310 3467; x_wconf 88' lang='lat' dir='ltr'>rum</span> <span class='ocrx_word' id='word_1_204' title='bbox 331 3386 596 3485; x_wconf 84' lang='lat' dir='ltr'>colloquiorum</span> <span class='ocrx_word' id='word_1_205' title='bbox 620 3383 745 3457; x_wconf 88' lang='lat' dir='ltr'>clitelli</span> <span class='ocrx_word' id='word_1_206' title='bbox 766 3382 1022 3455; x_wconf 86' lang='lat' dir='ltr'>determinant.</span> <span class='ocrx_word' id='word_1_207' title='bbox 1057 3384 1189 3474; x_wconf 75' lang='lat' dir='ltr'>Quum:</span> <span class='ocrx_word' id='word_1_208' title='bbox 1210 3384 1391 3458; x_wconf 81' lang='lat' dir='ltr'>clitellam</span> <span class='ocrx_word' id='word_1_209' title='bbox 1414 3387 1729 3462; x_wconf 85' lang='lat' dir='ltr'>intersectionibus</span> 
     </span>
     <span class='ocr_line' id='line_1_25' title="bbox 227 3502 1726 3609; baseline -0.003 -22"><span class='ocrx_word' id='word_1_210' title='bbox 227 3507 462 3587; x_wconf 85' lang='lat' dir='ltr'>annularibus</span> <span class='ocrx_word' id='word_1_211' title='bbox 482 3506 660 3596; x_wconf 88' lang='lat' dir='ltr'>sulcatur,</span> <span class='ocrx_word' id='word_1_212' title='bbox 680 3529 823 3603; x_wconf 87' lang='lat' dir='ltr'>semper</span> <span class='ocrx_word' id='word_1_213' title='bbox 840 3502 886 3576; x_wconf 86' lang='lat' dir='ltr'>ad</span> <span class='ocrx_word' id='word_1_214' title='bbox 906 3503 1035 3576; x_wconf 88' lang='lat' dir='ltr'>faciem</span> <span class='ocrx_word' id='word_1_215' title='bbox 1055 3506 1254 3580; x_wconf 89' lang='lat' dir='ltr'>ventralem</span> <span class='ocrx_word' id='word_1_216' title='bbox 1270 3521 1484 3603; x_wconf 80' lang='lat' dir='ltr'>occurrunt3</span> <span class='ocrx_word' id='word_1_217' title='bbox 1507 3535 1600 3609; x_wconf 87' lang='lat' dir='ltr'>saepe</span> <span class='ocrx_word' id='word_1_218' title='bbox 1617 3511 1726 3583; x_wconf 90' lang='lat' dir='ltr'>etiam</span> 
     </span>
     <span class='ocr_line' id='line_1_26' title="bbox 227 3626 1727 3729; baseline -0.003 -21"><span class='ocrx_word' id='word_1_219' title='bbox 227 3632 329 3708; x_wconf 88' lang='lat' dir='ltr'>nulla</span> <span class='ocrx_word' id='word_1_220' title='bbox 353 3631 523 3729; x_wconf 87' lang='lat' dir='ltr'>asperitas</span> <span class='ocrx_word' id='word_1_221' title='bbox 548 3629 588 3699; x_wconf 94' lang='lat' dir='ltr'>in</span> <span class='ocrx_word' id='word_1_222' title='bbox 620 3626 689 3698; x_wconf 75' lang='lat' dir='ltr'>hale</span> <span class='ocrx_word' id='word_1_223' title='bbox 717 3627 907 3725; x_wconf 84' lang='lat' dir='ltr'>superficie</span> <span class='ocrx_word' id='word_1_224' title='bbox 939 3627 1132 3725; x_wconf 89' lang='lat' dir='ltr'>reperitur.</span> <span class='ocrx_word' id='word_1_225' title='bbox 1165 3630 1315 3702; x_wconf 89' lang='lat' dir='ltr'>Etenim·</span> <span class='ocrx_word' id='word_1_226' title='bbox 1340 3643 1424 3703; x_wconf 78' lang='lat' dir='ltr'>setae</span> <span class='ocrx_word' id='word_1_227' title='bbox 1453 3629 1629 3704; x_wconf 90' lang='lat' dir='ltr'>subulatae</span> <span class='ocrx_word' id='word_1_228' title='bbox 1662 3644 1727 3706; x_wconf 92' lang='lat' dir='ltr'>aut</span> 
     </span>
     <span class='ocr_line' id='line_1_27' title="bbox 226 3746 1726 3856; baseline -0.003 -27"><span class='ocrx_word' id='word_1_229' title='bbox 226 3754 337 3856; x_wconf 88' lang='lat' dir='ltr'>spinae</span> <span class='ocrx_word' id='word_1_230' title='bbox 348 3749 530 3825; x_wconf 88' lang='lat' dir='ltr'>inclitello</span> <span class='ocrx_word' id='word_1_231' title='bbox 541 3761 777 3823; x_wconf 85' lang='lat' dir='ltr'>evanescunt:</span> <span class='ocrx_word' id='word_1_232' title='bbox 789 3748 964 3822; x_wconf 89' lang='lat' dir='ltr'>rationem</span> <span class='ocrx_word' id='word_1_233' title='bbox 976 3746 1088 3850; x_wconf 88' lang='lat' dir='ltr'>hujus</span> <span class='ocrx_word' id='word_1_234' title='bbox 1097 3749 1326 3848; x_wconf 87' lang='lat' dir='ltr'>phaenomeni</span> <span class='ocrx_word' id='word_1_235' title='bbox 1336 3752 1375 3823; x_wconf 92' lang='lat' dir='ltr'>in</span> <span class='ocrx_word' id='word_1_236' title='bbox 1389 3750 1551 3824; x_wconf 90' lang='lat' dir='ltr'>medium</span> <span class='ocrx_word' id='word_1_237' title='bbox 1561 3751 1726 3851; x_wconf 90' lang='lat' dir='ltr'>profere-</span> 
     </span>
     <span class='ocr_line' id='line_1_28' title="bbox 224 3861 1725 3973; baseline -0.003 -22"><span class='ocrx_word' id='word_1_238' title='bbox 224 3901 322 3969; x_wconf 89' lang='lat' dir='ltr'>mus,</span> <span class='ocrx_word' id='word_1_239' title='bbox 336 3899 452 3973; x_wconf 91' lang='lat' dir='ltr'>quum</span> <span class='ocrx_word' id='word_1_240' title='bbox 465 3871 510 3944; x_wconf 91' lang='lat' dir='ltr'>de</span> <span class='ocrx_word' id='word_1_241' title='bbox 523 3878 621 3945; x_wconf 87' lang='lat' dir='ltr'>coitu</span> <span class='ocrx_word' id='word_1_242' title='bbox 638 3895 798 3970; x_wconf 85' lang='lat' dir='ltr'>agemus.</span> <span class='ocrx_word' id='word_1_243' title='bbox 816 3868 992 3968; x_wconf 88' lang='lat' dir='ltr'>Splendor</span> <span class='ocrx_word' id='word_1_244' title='bbox 1009 3869 1226 3964; x_wconf 88' lang='lat' dir='ltr'>metallicus,</span> <span class='ocrx_word' id='word_1_245' title='bbox 1240 3871 1412 3972; x_wconf 79' lang='lat' dir='ltr'>(vidfig.</span> <span class='ocrx_word' id='word_1_246' title='bbox 1427 3873 1462 3946; x_wconf 84' lang='lat'>3.</span> <span class='ocrx_word' id='word_1_247' title='bbox 1475 3861 1553 3946; x_wconf 78' lang='lat' dir='ltr'>tob.</span> <span class='ocrx_word' id='word_1_248' title='bbox 1569 3873 1725 3971; x_wconf 88' lang='lat' dir='ltr'><em>VIII.)</em></span> 
     </span>
     <span class='ocr_line' id='line_1_29' title="bbox 225 3993 1722 4099; baseline -0.002 -30"><span class='ocrx_word' id='word_1_249' title='bbox 225 3999 291 4099; x_wconf 85' lang='lat' dir='ltr'>qni</span> <span class='ocrx_word' id='word_1_250' title='bbox 318 3994 513 4095; x_wconf 89' lang='lat' dir='ltr'>aliquando</span> <span class='ocrx_word' id='word_1_251' title='bbox 534 3996 573 4066; x_wconf 95' lang='lat' dir='ltr'>in</span> <span class='ocrx_word' id='word_1_252' title='bbox 597 3993 731 4066; x_wconf 91' lang='lat' dir='ltr'>clitello</span> <span class='ocrx_word' id='word_1_253' title='bbox 756 3995 939 4085; x_wconf 88' lang='lat' dir='ltr'>cernitur,</span> <span class='ocrx_word' id='word_1_254' title='bbox 969 4018 1158 4091; x_wconf 89' lang='lat' dir='ltr'>nunquam</span> <span class='ocrx_word' id='word_1_255' title='bbox 1183 3994 1222 4066; x_wconf 91' lang='lat' dir='ltr'>in</span> <span class='ocrx_word' id='word_1_256' title='bbox 1247 3993 1341 4067; x_wconf 85' lang='lat' dir='ltr'>facie</span> <span class='ocrx_word' id='word_1_257' title='bbox 1365 3995 1516 4068; x_wconf 83' lang='lat' dir='ltr'>inferire</span> <span class='ocrx_word' id='word_1_258' title='bbox 1544 3996 1722 4069; x_wconf 88' lang='lat' dir='ltr'>occurrit:</span> 
     </span>
     <span class='ocr_line' id='line_1_30' title="bbox 224 4112 1724 4215; baseline -0.001 -24"><span class='ocrx_word' id='word_1_259' title='bbox 224 4119 300 4209; x_wconf 71' lang='lat' dir='ltr'>hoc¹</span> <span class='ocrx_word' id='word_1_260' title='bbox 315 4117 395 4190; x_wconf 90' lang='lat' dir='ltr'>fere</span> <span class='ocrx_word' id='word_1_261' title='bbox 415 4140 557 4215; x_wconf 89' lang='lat' dir='ltr'>semper</span> <span class='ocrx_word' id='word_1_262' title='bbox 572 4114 694 4187; x_wconf 90' lang='lat' dir='ltr'>locum</span> <span class='ocrx_word' id='word_1_263' title='bbox 715 4112 825 4187; x_wconf 87' lang='lat' dir='ltr'>habet</span> <span class='ocrx_word' id='word_1_264' title='bbox 849 4115 894 4190; x_wconf 92' lang='lat' dir='ltr'>ad</span> <span class='ocrx_word' id='word_1_265' title='bbox 914 4116 1044 4188; x_wconf 84' lang='lat' dir='ltr'>faciem</span> <span class='ocrx_word' id='word_1_266' title='bbox 1067 4114 1243 4190; x_wconf 89' lang='lat' dir='ltr'>dorsalem</span> <span class='ocrx_word' id='word_1_267' title='bbox 1266 4122 1304 4190; x_wconf 88' lang='lat' dir='ltr'>et</span> <span class='ocrx_word' id='word_1_268' title='bbox 1325 4117 1527 4215; x_wconf 73' lang='lat' dir='ltr'>praesertim</span> <span class='ocrx_word' id='word_1_269' title='bbox 1541 4115 1588 4190; x_wconf 90' lang='lat' dir='ltr'>ad</span> <span class='ocrx_word' id='word_1_270' title='bbox 1606 4117 1724 4189; x_wconf 75' lang='lat' dir='ltr'>inter-</span> 
     </span>
     <span class='ocr_line' id='line_1_31' title="bbox 224 4236 1583 4317; baseline -0.011 0"><span class='ocrx_word' id='word_1_271' title='bbox 224 4240 420 4317; x_wconf 83' lang='lat' dir='ltr'>sectionem</span> <span class='ocrx_word' id='word_1_272' title='bbox 444 4236 676 4312; x_wconf 91' lang='lat' dir='ltr'>annulorum.</span> <span class='ocrx_word' id='word_1_273' title='bbox 1579 4259 1583 4266; x_wconf 90' lang='lat'><em>·</em></span> 
     </span>
    </p>

    <p class='ocr_par' dir='ltr' id='par_1_9' title="bbox 225 4351 2017 4557">
     <span class='ocr_line' id='line_1_32' title="bbox 272 4351 2017 4460; baseline 0.007 -25"><span class='ocrx_word' id='word_1_274' title='bbox 272 4362 402 4453; x_wconf 92' lang='lat' dir='ltr'>Quum</span> <span class='ocrx_word' id='word_1_275' title='bbox 422 4360 532 4431; x_wconf 88' lang='lat' dir='ltr'>facies</span> <span class='ocrx_word' id='word_1_276' title='bbox 552 4360 704 4431; x_wconf 88' lang='lat' dir='ltr'>internae</span> <span class='ocrx_word' id='word_1_277' title='bbox 725 4359 1141 4460; x_wconf 84' lang='lat' dir='ltr'>nullum-discrepantlae</span> <span class='ocrx_word' id='word_1_278' title='bbox 1156 4359 1302 4460; x_wconf 84' lang='lat' dir='ltr'>signum</span> <span class='ocrx_word' id='word_1_279' title='bbox 1324 4384 1458 4460; x_wconf 81' lang='lat' dir='ltr'>praese</span> <span class='ocrx_word' id='word_1_280' title='bbox 1480 4359 1617 4452; x_wconf 89' lang='lat' dir='ltr'>ferant,</span> <span class='ocrx_word' id='word_1_281' title='bbox 1644 4351 1946 4446; x_wconf 67' lang='lat' dir='ltr'>nonfacissinums.</span> <span class='ocrx_word' id='word_1_282' title='bbox 2015 4383 2017 4387; x_wconf 80' lang='grc'><strong>’</strong></span> 
     </span>
     <span class='ocr_line' id='line_1_33' title="bbox 225 4479 762 4557; baseline -0.008 0"><span class='ocrx_word' id='word_1_283' title='bbox 225 4507 386 4557; x_wconf 83' lang='lat' dir='ltr'>seorsum</span> <span class='ocrx_word' id='word_1_284' title='bbox 410 4480 488 4553; x_wconf 91' lang='lat' dir='ltr'>illas</span> <span class='ocrx_word' id='word_1_285' title='bbox 509 4479 762 4555; x_wconf 87' lang='lat' dir='ltr'>describemus.</span> 
     </span>
    </p>
   </div>
   <div class='ocr_carea' id='block_1_3' title="bbox 227 4664 1723 4801">
    <p class='ocr_par' dir='ltr' id='par_1_10' title="bbox 227 4664 1723 4801">
     <span class='ocr_line' id='line_1_34' title="bbox 294 4664 1723 4779; baseline -0.006 -50"><span class='ocrx_word' id='word_1_286' title='bbox 294 4677 339 4745; x_wconf 87' lang='grc' dir='ltr'>(ι)</span> <span class='ocrx_word' id='word_1_287' title='bbox 357 4676 411 4738; x_wconf 82' lang='lat' dir='ltr'>llic</span> <span class='ocrx_word' id='word_1_288' title='bbox 430 4692 529 4730; x_wconf 84' lang='lat' dir='ltr'>moneo</span> <span class='ocrx_word' id='word_1_289' title='bbox 547 4693 590 4732; x_wconf 87' lang='lat' dir='ltr'>me</span> <span class='ocrx_word' id='word_1_290' title='bbox 611 4675 732 4744; x_wconf 85' lang='lat' dir='ltr'>tabulas,</span> <span class='ocrx_word' id='word_1_291' title='bbox 751 4692 818 4748; x_wconf 88' lang='lat' dir='ltr'>quas</span> <span class='ocrx_word' id='word_1_292' title='bbox 841 4675 1028 4731; x_wconf 84' lang='lat' dir='ltr'>dissertationi</span> <span class='ocrx_word' id='word_1_293' title='bbox 1048 4692 1116 4731; x_wconf 76' lang='lat' dir='ltr'>maa</span> <span class='ocrx_word' id='word_1_294' title='bbox 1135 4669 1271 4743; x_wconf 82' lang='lat' dir='ltr'>adjunxi,</span> <span class='ocrx_word' id='word_1_295' title='bbox 1293 4667 1367 4724; x_wconf 81' lang='lat' dir='ltr'>vivis</span> <span class='ocrx_word' id='word_1_296' title='bbox 1386 4677 1414 4723; x_wconf 84' lang='lat' dir='ltr'>et</span> <span class='ocrx_word' id='word_1_297' title='bbox 1437 4664 1472 4722; x_wconf 83' lang='lat' dir='ltr'>ad</span> <span class='ocrx_word' id='word_1_298' title='bbox 1493 4677 1623 4779; x_wconf 84' lang='lat' dir='ltr'>naturam</span> <span class='ocrx_word' id='word_1_299' title='bbox 1641 4665 1723 4738; x_wconf 85' lang='lat' dir='ltr'>pictis</span> 
     </span>
     <span class='ocr_line' id='line_1_35' title="bbox 227 4744 526 4801; baseline -0.014 1"><span class='ocrx_word' id='word_1_300' title='bbox 227 4744 362 4801; x_wconf 66' lang='lat' dir='ltr'>almitas</span> <span class='ocrx_word' id='word_1_301' title='bbox 378 4745 526 4800; x_wconf 76' lang='lat' dir='ltr'>decorasse.</span> 
     </span>
    </p>
   </div>
   <div class='ocr_carea' id='block_1_4' title="bbox 0 0 2126 5850">
    <p class='ocr_par' dir='ltr' id='par_1_11' title="bbox 0 0 2126 5850">
     <span class='ocr_line' id='line_1_36' title="bbox 0 0 2126 5850; baseline 0 3"><span class='ocrx_word' id='word_1_302' title='bbox 0 0 2126 5850; x_wconf 95' lang='lat' dir='ltr'> </span> 
     </span>
    </p>
   </div>
  </div>
 </body>
</html>
