4244 5850
1076 563 1227 661 (ars)

451 727 529 796 100.
556 724 642 796 Pars
664 722 782 795 media
807 721 1100 814 Lumbricorum,
1129 724 1267 797 scilieet
1313 753 1396 826 pars
1425 727 1537 801 medii
1560 732 1739 828 corporis,
1774 756 1891 830 quum

400 844 616 919 Lumbricus
647 845 687 917 in
721 859 794 918 tres
813 859 934 944 partes
954 858 1115 938 secatur,
1148 846 1322 945 quosdam
1347 847 1500 922 annulos
1528 849 1578 922 ab
1596 863 1755 949 utroque
1779 851 1891 924 latere

400 966 595 1064 progignit.

451 1091 528 1158 110.
555 1087 693 1160 Annuli
716 1087 826 1188 hujus
847 1088 958 1184 partis
979 1088 1216 1161 extremitatis
1235 1091 1422 1163 anterioris
1444 1090 1578 1165 leutius
1594 1104 1760 1165 crescunt
1780 1114 1891 1190 quana

400 1206 528 1280 annuli
552 1210 788 1280 extremitatis
811 1209 1026 1307 posterioris.

450 1330 528 1401 120.
554 1328 613 1401 Ad
634 1328 728 1402 banc
749 1344 888 1428 partem
911 1356 1018 1420 anua,
1042 1328 1089 1402 ad
1103 1328 1202 1402 illam
1222 1355 1307 1405 vero
1326 1333 1462 1430 species
1478 1332 1549 1403 oris
1567 1331 1761 1404 formatur:
1778 1327 1894 1403 amboe

400 1448 472 1522 illae
487 1461 666 1547 apertura
685 1449 934 1523 tantummodo
951 1447 1131 1525 debentur
1151 1450 1329 1526 cesticillis
1345 1453 1410 1553 qni
1425 1452 1703 1526 manifestantur
1721 1449 1894 1525 ubicrrm-

399 1593 472 1669 que
494 1568 620 1644 divisio
639 1585 704 1645 aut
730 1571 849 1644 scissio
875 1571 1033 1670 partium
1054 1572 1186 1645 existit.

450 1689 528 1761 130.
555 1689 765 1789 Numquam
787 1717 870 1791 pars
886 1690 1100 1764 intermedia
1117 1689 1302 1765 Lumbrici
1321 1689 1432 1794 cujus
1445 1718 1576 1790 corpus
1590 1692 1765 1765 trifariam
1783 1703 1895 1764 trun-

399 1823 521 1885 catum
540 1811 632 1902 fuit,
649 1810 866 1886 Lumbricus
879 1815 1021 1911 integer
1042 1810 1177 1887 evadit:
1193 1812 1257 1886 sed
1276 1811 1355 1887 luec
1375 1815 1493 1912 portio
1507 1837 1572 1913 per
1587 1814 1609 1886 5
1631 1825 1695 1887 aut
1709 1812 1735 1886 6
1751 1835 1893 1884 menses

246 1984 251 1994 .
400 1932 478 2004 sine
499 1929 680 2006 alimentis
701 1934 824 2009 vivere
846 1945 973 2032 potest

450 2050 529 2144 140.
557 2050 699 2152 Caput,
725 2079 842 2152 quum
868 2055 988 2152 ipsum
1013 2053 1275 2128 concomitatur
1296 2052 1505 2147 cerebrum,
1536 2053 1675 2127 difficili
1698 2050 1805 2127 modo
1834 2049 1894 2127 vel

402 2172 510 2243 etiam
532 2173 742 2247 nullomodo
764 2176 976 2247 renascitur.

452 2292 531 2367 150.
556 2293 741 2395 Separatio
771 2297 899 2396 capitis
931 2298 970 2369 in
1001 2295 1092 2369 duas
1123 2309 1262 2395 partes,
1300 2294 1496 2369 dummodo
1523 2292 1711 2368 cerebrum
1747 2292 1897 2364 nonsit

401 2413 579 2507 ablatum,
622 2416 762 2490 nullam
784 2419 962 2491 actionem
988 2421 1027 2490 in
1057 2419 1226 2492 vitamet
1249 2417 1397 2492 modum
1423 2442 1499 2491 sese
1521 2415 1678 2489 habendi
1709 2412 1896 2487 Lumbrioi

400 2538 577 2608 terrestris
599 2562 768 2611 exercere
789 2538 946 2614 videtur.
978 2539 1122 2638 Species
1145 2539 1206 2612 illa
1230 2538 1391 2616 vulneris
1412 2536 1514 2612 brevi
1535 2550 1697 2634 tempore
1725 2547 1895 2608 sunmnr:

399 2657 465 2730 sed
485 2656 637 2756 singular
653 2671 771 2756 partes
788 2658 970 2751 laterales,
991 2686 1064 2732 nou
1085 2673 1252 2758 possunt,
1273 2662 1331 2734 uti
1353 2659 1529 2734 dixerunt
1545 2659 1696 2759 plurimi
1712 2672 1895 2750 auctores,

400 2777 601 2878 producere
624 2778 807 2878 peculiare
832 2795 945 2881 caput
964 2782 1120 2880 ideoque
1142 2779 1379 2856 lumbricum
1404 2778 1545 2854 duobus
1567 2777 1745 2879 capitibus
1762 2776 1898 2878 proedi-

401 2910 494 2972 tnm.
522 2899 621 2974 Infra
645 2897 847 2975 videbimus
872 2901 952 2975 fere
973 2901 1090 2976 simile
1111 2903 1404 3000 experimentum
1429 2900 1538 3000 (pag.
1562 2900 1677 2996 220).

451 3019 530 3092 160.
555 3021 680 3094 Partes
706 3047 727 3094 a
754 3047 903 3120 corpore
930 3035 1143 3122 segregatae,
1173 3021 1274 3097 verbi
1304 3022 1411 3095 must
1432 3047 1515 3120 pars
1540 3023 1714 3120 posterior
1738 3017 1900 3119 corporis

401 3137 606 3233 Lumbrici,
631 3140 735 3214 nullo
757 3156 864 3217 motu·
885 3144 1097 3217 voluntario
1123 3143 1283 3244 praeditas
1306 3142 1498 3235 videntur,
1524 3143 1581 3216 uti
1596 3140 1797 3218 observavit
1815 3140 1892 3215 Cel.

403 3261 555 3334 Bonnet
574 3263 613 3336 in
636 3263 791 3361 quodam
815 3289 939 3339 verme
964 3292 1070 3366 aquae
1085 3267 1213 3343 dulcis.
1232 3265 1307 3339 lllae
1328 3277 1448 3365 partes
1463 3262 1609 3336 nullum
1629 3276 1769 3336 motum
1789 3287 1898 3336 exer-

404 3395 489 3454 cent
510 3383 581 3456 nisi
602 3385 827 3459 excitentur:
846 3384 1029 3484 plicantur
1046 3401 1085 3460 et
1105 3387 1328 3486 replicantur
1343 3384 1486 3459 laterali
1503 3384 1627 3475 medo,
1646 3385 1695 3456 ita
1715 3397 1758 3456 ut
1775 3383 1898 3458 circu·

403 3502 456 3574 los
480 3503 563 3601 plus
584 3505 750 3580 minusve
772 3507 993 3579 excentricos
1019 3505 1245 3600 describant3
1273 3504 1336 3580 sed
1363 3503 1409 3578 ab
1429 3502 1560 3577 itinere
1581 3529 1655 3576 non
1673 3501 1895 3596 deflectant,

404 3647 519 3723 quum
542 3625 631 3723 ipsis
648 3623 949 3724 impedimentum
971 3618 1116 3728 aliquod
1135 3627 1317 3730 objicitur.

227 3775 385 3839 otoeryau.
454 3746 496 3818 ln
506 3744 742 3823 Lumbrieum
759 3761 965 3823 terrestrem
979 3749 1136 3849 plurima
1152 3752 1280 3825 iteravi
1296 3746 1544 3845 experimenta
1554 3770 1637 3844 que
1653 3743 1729 3816 Cel.
1746 3744 1898 3817 Bonnet

403 3867 442 3938 in
462 3867 656 3942 Annelides
677 3894 780 3969 aqusc
802 3869 918 3944 dulcis
939 3872 1156 3946 instituerat.
1186 3871 1293 3944 Hisce
1315 3865 1546 3958 animalibus,
1563 3864 1664 3940 verbi
1691 3864 1813 3956 cama,
1835 3889 1899 3938 re-

404 3987 508 4060 sectis
533 3985 679 4087 obliquo
706 3988 816 4063 modo
839 3989 1042 4064 secundum
1071 3989 1228 4067 diversos
1253 3988 1473 4088 obliquitatis
1506 3985 1655 4085 gradus,
1695 3984 1898 4062 observavit

407 4108 670 4180 extremitatem
690 4122 957 4207 regeneratam,
973 4134 1115 4209 semper
1136 4111 1176 4182 in
1198 4107 1394 4182 directione
1414 4107 1570 4204 corporis
1591 4104 1896 4203 progredientem.

406 4226 525 4300 Etiam
553 4227 806 4321 animadverti,
830 4230 871 4304 in
901 4255 1049 4329 genere,
1080 4256 1156 4330 quo
1178 4227 1452 4329 propinquiores
1484 4225 1624 4299 fuerint
1648 4227 1823 4309 sectiones
1850 4225 1898 4302 ad

373 4446 377 4453 Ι
406 4361 546 4445 partem
570 4350 728 4448 corporis
748 4349 979 4450 poster-imem
1004 4354 1079 4425 sive
1103 4375 1235 4441 anum,
1258 4373 1301 4422 eo
1317 4347 1471 4447 longiori
1489 4358 1653 4443 tempore
1669 4371 1760 4445 opus
1785 4346 1899 4423 fuisse

406 4468 452 4543 ad
472 4467 708 4543 crescendum
733 4468 1000 4569 partibusque
1024 4470 1070 4545 ad
1094 4470 1190 4544 hanc
1212 4469 1476 4544 extremitatem
1501 4464 1686 4538 accedant.

46 4574 50 4584 ’
181 4591 392 4663 110011000κο-
456 4588 512 4665 Er
533 4586 633 4665 bisce
652 4590 907 4691 experimentis
923 4589 1008 4666 lnce
1028 4591 1159 4667 clarius
1181 4602 1348 4693 apparet,
1371 4588 1438 4664 etsi
1463 4587 1640 4664 sententia
1662 4585 1898 4688 quorundum

212 4663 397 4716 nerrttannur.
