4244 5850
973 494 1135 594 (262)

360 691 447 737 aare.
479 665 588 731 Portis
609 662 667 727 ubi
692 658 799 727 adhuc
822 671 1055 728 conservantur
1077 659 1218 740 musculi
1239 662 1421 730 annulares

365 801 446 847 ecoe.
480 775 588 840 Portic
612 773 671 838 ubi
696 773 796 838 iidem
820 773 952 840 abscissi
974 784 1060 839 sunt.

350 909 567 965 acconam·
599 882 1077 950 intersectionesannulcrum.

350 997 535 1075 bilbilim.
570 993 802 1079 Impresaiones
826 994 1033 1057 annulorum.

349 1103 824 1186 at,at,at‚at;at,at,at,at.
862 1105 997 1169 llusculi
1023 1103 1197 1169 annulatos
1225 1103 1362 1190 obliqui.

349 1214 547 1295 dottam
579 1215 740 1280 Masculus
763 1221 870 1279 rectus
891 1212 1027 1279 domnis
1045 1220 1079 1278 et
1101 1215 1171 1298 ejus
1198 1213 1299 1279 fibrae.

956 1364 1083 1455 Fiprrro
1111 1384 1141 1431 a.

348 1496 487 1571 Exhibet
508 1502 701 1567 relationem
719 1507 869 1565 mutuam
892 1498 957 1585 qai
977 1508 1164 1584 congruunt
1177 1499 1317 1563 musculi
1332 1499 1506 1566 annulares
1520 1505 1713 1586 transversi,
1735 1526 1798 1569 an-

306 1618 436 1681 nulares
456 1613 599 1697 obliqui,
625 1610 765 1675 musculi
786 1609 866 1674 recti
888 1617 921 1673 et
939 1609 1194 1695 diaphragmata.
1682 1627 1699 1680 s
1744 1668 1748 1673 .
1850 1666 1853 1677 ,

348 1727 385 1791 Δ.
415 1725 493 1789 Pars
514 1741 588 1808 quae
609 1741 719 1786 uersus
743 1741 844 1784 anum
863 1728 994 1803 spectat.

352 1836 386 1899 Τ.
415 1835 493 1899 Pars
512 1854 529 1896 e
551 1839 664 1896 contra
688 1850 761 1916 quae
780 1851 891 1895 versus
914 1838 1012 1913 caput
1033 1839 1164 1914 aprectat.

348 1946 449 2011 b'lbl.
479 1946 696 2010 llusculorum
715 1942 924 2005 annularium
950 1941 1214 2006 transversalium
1236 1947 1270 2005 et
1288 1940 1495 2026 obliquorum
1517 1951 1662 2009 stratum.

348 2076 633 2132 oc,uc,ce‚ue,ne.
664 2053 799 2118 Masculi
812 2054 990 2116 annulares
1007 2052 1192 2119 transversi.

347 2164 484 2232 Medae
517 2163 653 2229 timenti
676 2164 849 2227 annularea
872 2161 1008 2246 obliqui.

383 2300 425 2341 ee.
471 2274 606 2340 llusouli
630 2273 710 2337 recti
730 2272 818 2336 infra
839 2271 948 2356 positi.

346 2387 474 2476 frisso
506 2385 766 2468 masuam·

947 2487 1078 2581 Fiparc
1116 2488 1146 2555 3.

346 2624 621 2708 Proeparationem
639 2622 856 2688 anatomicam
881 2623 1037 2707 exprimit
1058 2623 1123 2710 qui
1150 2624 1389 2689 demonstratur
1408 2622 1445 2686 in
1465 2624 1597 2690 annulis
1621 2627 1797 2693 anteriori-

302 2737 364 2801 bus
381 2734 526 2819 corporis
545 2742 578 2798 et
598 2734 780 2817 prasertim
800 2734 887 2799 inter
906 2732 947 2799 18
963 2743 996 2800 et
1015 2754 1054 2799 21
1081 2735 1139 2821 qui
1162 2733 1216 2798 bic
1237 2741 1527 2817 representantur,
1551 2731 1796 2820 diaphragmata

301 2868 369 2912 non
378 2867 455 2911 cum
471 2845 696 2909 intersectione
706 2847 904 2911 annulorum
921 2846 972 2912 nti
991 2846 1027 2911 in
1042 2846 1274 2929 posterioribus
1286 2865 1476 2930 congruere,
1496 2854 1544 2910 ast
1560 2866 1578 2911 e
1593 2857 1706 2912 contra
1720 2870 1794 2914 cum

300 2958 409 3023 medio
430 2957 554 3020 annulo
573 2954 664 3038 ipso;
689 2955 792 3038 duplo
812 2976 873 3042 ope
892 2957 971 3025 vitri
992 2958 1197 3041 microscopii
1219 2955 1446 3040 amplificatur.

357 3090 408 3133 oo.
448 3064 582 3131 Museuli
602 3065 783 3130 annulares.
1472 3097 1484 3107 ›-

366 3177 415 3243 bb.
449 3176 583 3241 Musouli
607 3176 696 3239 recti.

344 3311 422 3353 ecee.
450 3286 695 3351 intersectiones
712 3288 918 3352 annulorum.

344 3395 437 3460 dudd.
461 3373 722 3478 Diapbragmata.

298 3551 301 3560 .
344 3507 529 3595 0,es‚ef,efi
569 3505 728 3590 Margines
748 3526 860 3571 eorum
879 3487 999 3594 quibus
1017 3529 1094 3574 cum
1113 3509 1295 3577 intestinali
1319 3514 1425 3579 canufi
1449 3515 1607 3600 ligantur.
1747 3562 1751 3571 -

389 3615 456 3682 (ὶῦ.
502 3615 596 3679 Illius
618 3617 740 3680 canalis
760 3618 878 3700 positio
903 3619 992 3686 linea
1010 3630 1208 3709 punctorum
1234 3622 1384 3690 indicata.
1607 3632 1610 3637 ’

950 3770 1077 3863 Fipura
1109 3773 1139 3836 4.

314 3960 319 3965 .
342 3900 511 3968 clitellam
528 3902 623 3966 dorso
646 3910 795 3984 apertum
814 3904 906 3968 utin
924 3916 1133 3990 conspectum
1154 3909 1290 3972 veniant
1310 3910 1475 3994 glandulae
1500 3911 1586 3996 ejus,
1610 3910 1714 3994 duplo
1736 3931 1796 3976 au-

299 4022 393 4098 getur
411 4032 471 4095 ope
491 4011 570 4076 vitri
592 4010 806 4095 microscopii.

342 4144 447 4204 nana
480 4123 624 4186 stramm
646 4123 828 4215 musculare
850 4143 949 4207 supra
972 4133 1006 4190 et
1028 4125 1115 4191 infra
1133 4125 1303 4191 clitellam.

343 4232 444 4307 titt.
468 4231 590 4296 Clitelli
610 4240 748 4296 stratum
767 4234 984 4323 musculare„

345 4365 443 4420 aare.
473 4342 724 4427 lliaphragmata
742 4343 995 4411 membranacea.

370 4449 423 4516 dal
478 4451 630 4517 intestini
656 4471 739 4535 pars.

326 4616 329 4621 .
385 4585 411 4628 o.
470 4560 683 4646 Typhloaolis.
