4244 5850
762 1024 1213 1101 ADDITAMENTA

247 1272 330 1350 Ao
348 1273 551 1347 sectionem
571 1271 763 1369 quintam,
799 1268 920 1339 tertioe
935 1267 1064 1362 portis
1092 1277 1132 1339 ot
1158 1266 1361 1338 articulum
1389 1264 1448 1338 V.
1466 1265 1511 1340 de
1526 1268 1734 1367 sanguine,

642 1409 803 1509 musque
835 1412 1103 1506 compositione
1126 1435 1224 1511 pag.
1254 1409 1340 1484 168.

299 1813 400 1895 Cum
414 1818 459 1892 de
477 1816 654 1917 sanguine
677 1827 715 1888 et
736 1814 815 1916 ejus
839 1815 1110 1914 compositione,
1138 1841 1220 1916 pag.
1247 1815 1336 1908 168,
1359 1818 1436 1914 egi,
1464 1817 1626 1889 enarravi
1645 1839 1741 1888 rneos

251 1940 511 2017 observationes
532 1941 570 2011 in
596 1935 713 2011 bullas
733 1940 853 2009 avireas
875 1937 914 2008 in
941 1938 1116 2036 sanguine
1139 1961 1249 2036 quem
1272 1934 1503 2011 observabam
1532 1950 1739 2029 contentas,

250 2074 289 2135 et
312 2084 371 2135 ees
398 2061 506 2133 etiam
532 2058 571 2130 in
602 2054 713 2158 hujus
742 2055 892 2156 liquoris
925 2082 1075 2129 massam
1101 2057 1246 2149 adesse,
1280 2083 1397 2158 quum
1431 2057 1550 2155 adbuc
1583 2060 1622 2130 in
1652 2059 1745 2134 vasis

250 2179 350 2275 fluit,
372 2176 526 2271 credidi3
553 2190 645 2248 tunc
667 2175 766 2248 enim
788 2175 965 2275 quidquid
996 2176 1162 2252 videbam
1184 2178 1365 2278 descripsi.
1399 2179 1452 2252 Ut
1476 2204 1562 2254 vera
1582 2181 1743 2253 narratio

250 2299 525 2390 observationis,
555 2294 663 2372 verba
690 2321 772 2395 quoe
796 2295 857 2369 hic
886 2321 1126 2369 commemoro
1157 2300 1504 2371 accuratissimorum
1532 2313 1639 2391 sunt3
1685 2314 1739 2372 ast

250 2445 324 2494 non
345 2418 443 2493 idem
464 2430 518 2492 est
538 2415 735 2492 dicendum
754 2415 799 2489 de
821 2418 872 2489 eis
891 2442 972 2514 quae
994 2416 1152 2489 conclusi
1173 2443 1255 2517 pag.
1280 2419 1367 2496 173:
1391 2418 1500 2492 retuli
1521 2420 1617 2490 anim
1640 2444 1742 2492 com-

251 2541 463 2640 positionem
495 2538 681 2637 sanguinis
716 2563 801 2609 cum
837 2535 945 2609 bullis
975 2538 1088 2608 aereis
1118 2561 1227 2636 quern
1255 2537 1485 2612 observabam
1515 2563 1561 2611 es
1593 2563 1742 2636 corpore

254 2673 473 2752 extractum,
495 2658 535 2730 in
557 2656 719 2759 ejusdem
740 2658 924 2757 sanguinis
944 2670 1076 2730 statum
1100 2684 1184 2730 cum
1201 2656 1321 2732 adbuc
1344 2659 1382 2730 in
1407 2660 1496 2733 vasis
1514 2658 1573 2732 vel
1592 2660 1742 2731 arteria-

230 2777 346 2857 'libus
379 2778 439 2856 vel
461 2779 598 2856 venosis
618 2777 834 2871 circulatur3
869 2778 1000 2851 exinde
1025 2805 1113 2879 ergo
1130 2778 1249 2852 bullas
1268 2784 1506 2879 transportavi
1534 2782 1573 2853 in
1596 2807 1677 2856 vasa
1704 2796 1741 2853 et

254 2927 312 2976 eas
341 2899 454 2975 habui
478 2898 670 2999 productas
696 2923 768 2997 ope
785 2898 1009 2971 sacculorum
1034 2901 1362 2998 respiratoriorum,
1390 2928 1451 2976 seu
1480 2902 1614 2976 effectu
1640 2905 1743 2975 aera-

255 3022 359 3097 tionis
377 3021 573 3121 sanguinis.
607 3021 672 3093 Ast
692 3021 732 3092 in
749 3018 862 3093 hocce
879 3020 1122 3094 additamento
1144 2999 1435 3121 consequentiam
1458 3024 1556 3096 illam
1580 3025 1740 3115 infirmo,

162 3230 166 3237 ¹
255 3146 424 3246 quoniam
448 3169 540 3218 nova
562 3155 601 3215 et
622 3143 867 3215 numerosiora
895 3144 1142 3242 experimenta
1172 3169 1235 3218 me
1258 3145 1461 3217 docuerunt
1485 3168 1562 3216 rem
1592 3146 1642 3216 sic
1668 3170 1743 3217 nou

255 3246 329 3341 ose
351 3263 497 3339 amre.
559 3247 560 3250 ‘

302 3385 454 3486 Sanguis
475 3382 609 3482 dequo
630 3381 773 3456 locutus
791 3382 866 3475 fui,
888 3384 1044 3456 sectione
1065 3384 1208 3482 quinta,
1226 3384 1316 3482 SV,
1334 3397 1513 3458 extractus
1528 3399 1640 3458 erate
1660 3411 1743 3459 cor-

256 3532 360 3607 pore,
388 3505 540 3580 vulnere
572 3503 728 3603 quodam
751 3503 849 3602 quod
873 3504 948 3577 vasi
970 3504 1151 3602 praecipuo
1172 3502 1294 3578 subito
1311 3517 1427 3576 secato
1448 3504 1667 3597 inferebam3
1691 3519 1744 3577 ast

255 3630 309 3703 vis
328 3653 400 3728 quo
421 3624 676 3729 projiciebatur
696 3624 834 3725 liquor;
855 3623 1029 3697 efficiebat
1045 3638 1089 3699 ut
1110 3629 1171 3698 aer
1191 3652 1211 3699 a
1233 3626 1408 3726 san‘guine
1428 3624 1619 3725 absorptus.
1631 3639 1739 3700 esset:

257 3753 319 3823 adr
336 3750 407 3822 iste
422 3746 617 3838 dividitur,
642 3760 680 3819 et
702 3744 833 3818 exinde
858 3745 1026 3817 oriuntur
1050 3745 1172 3818 bullae.

303 3868 452 3943 Detectd
483 3869 524 3939 in
560 3864 852 3965 inquisitionibus
889 3865 1064 3962 posterius
1100 3866 1273 3939 institutis
1307 3864 1412 3937 causis
1448 3867 1645 3963 praesentias
1678 3866 1746 3939 ha-

255 4014 339 4063 rum
366 3988 550 4062 bullarum
579 4012 778 4086 earumque
809 3988 953 4059 numeri
982 4000 1020 4059 et
1047 4012 1068 4061 e
1095 4000 1288 4088 conspectu
1321 3990 1529 4060 remotionis
1559 4015 1630 4087 qua
1658 4014 1747 4086 pro*

255 4110 420 4210 portione
441 4109 640 4183 exsiccatur
666 4108 829 4206 sanguis,
857 4106 948 4179 mibi
977 4107 1214 4183 deliberatum
1241 4123 1279 4181 et
1305 4111 1541 4181 constitutum
1567 4122 1621 4180 est
1639 4108 1745 4182 illum

255 4226 436 4329 liquorem
457 4228 579 4304 videre
595 4226 770 4301 liuentem
793 4228 831 4299 in
853 4255 927 4302 uno
943 4230 1002 4305 vel
1018 4231 1128 4304 altero
1144 4232 1409 4332 praecipuorum
1428 4255 1596 4304 vasorum
1609 4227 1747 4328 absque

256 4363 302 4426 ut
319 4348 430 4424 hocce
451 4348 634 4424 ullomodo
654 4349 880 4425 vulneratur.
909 4352 961 4423 Eo
982 4355 1141 4447 iocoso,
1163 4354 1194 4425 si
1211 4377 1340 4428 revera
1354 4353 1548 4426 existerent
1562 4349 1689 4442 bulloe,
1715 4352 1747 4423 si

256 4468 421 4546 adessent
440 4469 594 4571 globuli,
622 4472 751 4544 fierent
770 4473 966 4572 corupioui.

306 4586 482 4694 Magnum
500 4618 591 4694 ergo
606 4590 842 4668 Lumbricum
869 4594 972 4669 dorso
988 4596 1035 4669 ad
1053 4595 1161 4670 suber
1180 4593 1307 4689 afflixi,
1329 4618 1476 4694 corpore
1496 4590 1574 4696 ejus
1601 4606 1747 4668 tantum
