4244 5850
922 536 939 551 ·
1092 462 1296 622 (πε)Ι

433 707 542 789 cunt,
563 705 628 766 aar
647 687 896 765 antummodo
914 687 1130 789 relinquum
1147 685 1354 763 rudimenta
1375 684 1558 791 elongata,
1579 686 1759 795 mmm,
1771 701 1868 781 am
1885 721 1927 783 κ

432 816 693 907 velutioerea,
718 812 909 912 (vidfig.
932 815 993 884 10.
1019 811 1098 884 tab.
1119 810 1212 908 Χ).

406 939 568 1013 Poet
581 933 866 1036 copulationem,
882 958 1001 1032 quum
1022 932 1218 1006 fecundata
1233 945 1321 1006 sunt
1335 937 1478 1028 oraria,
1492 963 1623 1015 eorum
1636 945 1926 1023 Μίκκα·

352 987 535 1160 mlaf‘torua
550 1056 763 1164 expulsione
778 1081 929 1131 ovorum
941 1055 1135 1128 etletuum
1144 1055 1240 1128 forte
1254 1054 1447 1130 locentur.
1464 1059 1591 1152 Tunc,
1604 1061 1685 1136 loeo
1698 1068 1924 1161 orarium,

429 1181 593 1255 cernitur
612 1177 809 1251 mhstautia
829 1176 1068 1268 filamentoea,
1088 1175 1289 1270 albesoens,
1312 1176 1468 1252 formam
1488 1179 1612 1256 herbe
1637 1184 1776 1284 plume
1794 1213 1925 1286 μιιε

428 1303 566 1376 serens:
592 1299 773 1372 fihmenta
793 1299 892 1370 euim
911 1300 1033 1370 omnia
1051 1300 1089 1370 in
1110 1323 1216 1370 axem
1233 1297 1535 1397 longitudinxlem
1555 1318 1596 1376 ct
1614 1305 1814 1381 omnibu
1831 1332 1923 1383 m-

275 1424 279 1431 '
428 1423 595 1498 veniunt.
603 1417 1003 1492 substantiatilamentio
1012 1418 1205 1516 oomposita
1216 1416 1372 1491 allicitur
1381 1425 1634 1498 tantammodo
1643 1394 1923 1524 reliquium-⁸-

428 1543 550 1618 branae
564 1554 725 1616 externae
742 1540 875 1629 orarii,
890 1541 966 1611 axis
980 1539 1078 1612 illius
1092 1552 1216 1611 autem
1238 1538 1449 1637 pedunculi.
1466 1543 1657 1643 singulare
1670 1547 1763 1620 mihi
1776 1549 1922 1624 videtin

428 1663 526 1764 quod
544 1662 669 1736 nullus
682 1674 808 1735 auctor
823 1659 869 1732 de
882 1658 940 1731 his
956 1658 1164 1758 corporibus
1178 1658 1372 1733 admodum
1390 1662 1608 1738 notabilibus
1629 1666 1742 1740 fuerit
1759 1667 1919 1761 tommo,

428 1784 534 1882 (tab
560 1782 680 1867 VII,
706 1780 851 1865 VIII,
877 1779 1082 1851 IXetX·
1065 1779 1174 1877 ‚·.fig
1198 1780 1235 1852 3
1256 1781 1334 1852 tab.
1365 1782 1443 1853 IX
1467 1784 1588 1883 etfig
1606 1789 1650 1856 11
1661 1787 1922 1924 ,,6166.Χ.)

203 1929 306 1982 observ
289 1940 354 1984 ...ι
394 1901 648 1982 „Studium
664 1898 794 1972 horum
822 1924 1012 1998 corporum
1030 1911 1083 1971 est
1101 1901 1248 1971 maximi
1264 1903 1460 1974 momenti·
1451 1929 1601 2003 ,quum
1621 1908 1719 1980 enim
1744 1906 1921 2009 jamm-

201 1999 286 2118 iffi
230 1997 379 2051 ιιιιιξιι
289 1995 413 2120 ιξιξξιω
428 2036 594 2099 nueruut
615 2021 754 2112 oraria,
784 2045 912 2094 eorum
938 2043 1115 2093 numerus
1139 2018 1260 2092 adhuc
1280 2044 1328 2091 ex
1352 2046 1507 2095 numero
1531 2049 1659 2098 earum
1684 2024 1920 2126 reliquiarum

201 2133 328 2256 1101111311
330 2151 546 2248 ¹⁸¹²¹¹·potest
563 2143 735 2244 dignosci.
760 2141 848 2213 sio·
836 2167 876 2213 ιιι
891 2139 1102 2215 dissectione
1122 2141 1299 2217 delineata
1313 2144 1391 2244 fig.
1418 2150 1480 2219 11.
1504 2149 1583 2220 tab.
1607 2149 1706 2236 X,
1694 2177 1735 2222 ιε
1756 2152 1918 2227 animum

424 2267 598 2340 inducere
617 2263 813 2365 potuissem
833 2286 897 2336 aex
918 2261 1168 2336 aumnmodo
1195 2265 1316 2336 oraria
1337 2266 1528 2357 exstitisse,
1554 2269 1625 2340 uisi
1659 2273 1806 2371 vestigia
1828 2268 1920 2371 (66)

426 2388 582 2462 duorum
598 2384 825 2486 aupexiorum
835 2384 1073 2456 monerentiu
1083 2380 1154 2455 hoc
1170 2381 1381 2477 Lumbrioo,
1402 2385 1736 2485 quemadmodum
1724 2414 1764 2460 ιε
1773 2390 1918 2483 oetan,

426 2523 506 2583 octo
527 2508 646 2583 oraria
663 2507 833 2580 extitisse.
861 2503 1071 2577 Obervatio
1089 2515 1263 2602 preterea
1281 2527 1355 2576 non
1376 2506 1524 2578 minoris
1543 2509 1717 2580 momenti
1738 2506 1919 2609 oollip'tur

425 2655 472 2704 ex
493 2629 668 2729 positione
687 2625 820 2698 horum
842 2641 1035 2723 corporum
1059 2623 1381 2716 filamentosorum3
1403 2628 1560 2718 etenim,
1580 2652 1627 2703 ex
1649 2652 1693 2701 eo
1710 2628 1918 2728 quoduam

424 2777 491 2854 per
503 2750 549 2825 ad
567 2761 708 2850 pqrtem
723 2747 945 2847 superiorem
961 2745 1206 2844 seponantur,
1228 2756 1425 2843 antequam
1443 2746 1540 2819 infra
1554 2747 1735 2821 testiculos
1750 2750 1915 2843 veniant,

424 2886 526 2974 patet
552 2869 796 2971 evolutionem
824 2880 862 2938 et
881 2863 1175 2940 fecundationem
1197 2865 1360 2963 incipere
1388 2864 1434 2937 ab
1459 2868 1589 2941 orariis
1613 2868 1857 2968 superioribus
1879 2884 1917 2944 et

423 3018 548 3071 versus
563 2991 735 3066 inferiora
756 2988 980 3080 continuari3
1004 2984 1136 3060 deinde
1157 3011 1203 3060 ex
1219 3011 1263 3060 eo
1286 2984 1404 3087 quod,
1427 3000 1538 3086 prout
1558 2991 1677 3062 oraria
1699 3003 1917 3065 evanescunt

422 3129 533 3215 atque
553 3137 700 3211 corpora
720 3109 940 3184 filamentosa
962 3120 1159 3209 apparent,
1190 3108 1382 3182 ethorum
1406 3134 1584 3183 uumerus
1604 3109 1673 3184 sub
1699 3124 1915 3186 autumnum

423 3236 601 3335 augescit,
629 3231 797 3306 concludi
820 3243 938 3332 potest
956 3230 1095 3320 oraria,
1119 3230 1317 3302 suooeosiro
1341 3228 1448 3301 modo
1475 3242 1514 3302 ot
1535 3230 1642 3304 variis
1662 3230 1831 3330 epochis,
1858 3231 1916 3305 fe-

425 3352 588 3430 cundari.
615 3348 853 3425 Probabiliter
876 3376 963 3451 ergo
985 3348 1109 3450 plures
1135 3350 1381 3447 copulationes
1403 3349 1524 3423 locum
1549 3349 1695 3425 habeut

471 3473 542 3549 Sed
568 3473 664 3548 dioet
686 3473 836 3547 tortasse
868 3472 999 3573 aliquis
1019 3469 1201 3571 quomodo
1229 3469 1425 3544 certissimi
1446 3471 1605 3563 ratione,
1637 3469 1781 3571 probari
1800 3484 1916 3571 potest
1942 3520 1946 3525 ·

422 3595 484 3671 illa
504 3620 652 3696 corpora
672 3594 891 3668 filamentooa
912 3618 1037 3668 revera
1055 3618 1133 3668 ense
1153 3593 1274 3668 oraria
1295 3592 1512 3687 fecundata,
1530 3592 1589 3668 vel
1604 3592 1728 3666 saltem
1747 3591 1916 3693 reliquias

423 3708 626 3796 ovariorum
644 3714 949 3791 fecundatorum?
963 3716 1138 3815 Sequenti
1153 3714 1280 3808 modo,
1296 3713 1389 3788 illud
1404 3712 1529 3813 probo.
1545 3714 1738 3813 Aperiatur
1752 3712 1915 3790 orarium

420 3838 563 3940 majoris
584 3851 649 3911 aut
675 3838 822 3910 minoris
842 3838 997 3936 speciei3
1026 3840 1241 3911 emittantur
1264 3863 1332 3912 ova
1357 3850 1396 3911 et
1417 3835 1537 3935 liquor
1557 3834 1717 3925 lacteus,
1745 3846 1781 3906 et
1805 3859 1914 3926 mox,

421 3971 551 4032 natura
569 3955 789 4030 filameutosa
808 3955 1026 4031 membranae
1041 3957 1291 4058 dignoscetur3
1309 3956 1373 4031 sed
1390 3969 1434 4030 ut
1452 3981 1509 4029 rea
1529 3952 1750 4027 manifestior
1768 3950 1914 4045 evadat,

423 4076 646 4178 aliquamdiu
665 4076 744 4150 hoec
764 4080 976 4179 preparatio
997 4079 1120 4178 quieta
1143 4091 1347 4171 xemxneat,
1371 4091 1409 4150 et
1431 4075 1540 4149 laeile
1564 4085 1734 4174 poterunt
1757 4072 1915 4172 separari

423 4200 501 4293 lila,
524 4213 561 4274 et
578 4200 733 4299 perspici
750 4200 825 4272 axis
842 4200 1031 4295 centralis,
1056 4204 1122 4301 qui
1144 4200 1239 4274 nihil
1258 4200 1327 4272 nisi
1346 4198 1458 4273 orarii
1479 4192 1708 4295 pedunculus
1732 4180 1818 4265 erit.¹

472 4321 667 4413 Praetarea,
689 4320 726 4390 in
748 4317 990 4394 Lumbricoin
1012 4347 1086 4421 quo
1098 4324 1218 4396 omnia
1236 4323 1355 4395 oraria
1376 4320 1556 4408 existunt,
1577 4341 1649 4387 uon
1672 4339 1818 4413 corpora
1834 4312 1915 4389 fila-

422 4455 582 4515 mentosa
607 4442 865 4541 reperiuntur,
900 4440 989 4515 dum
1019 4444 1200 4517 simulac
1232 4451 1461 4520 evanuerunt
1490 4436 1633 4525 oraria,
1669 4432 1730 4505 illa
1766 4456 1914 4533 eorpora

425 4561 549 4662 majori
572 4564 671 4661 copia
691 4574 897 4636 occurrunt.
921 4560 1061 4635 Verum
1087 4562 1236 4663 quidem
1258 4573 1312 4634 eat
1331 4555 1588 4633 intermedium
1603 4554 1698 4626 inter
1715 4563 1915 4653 utrumque
