4244 5850
935 544 1088 644 (147)

256 738 337 815 quae
361 714 509 805 existit,
546 715 642 786 inter
671 725 883 811 apparatum
914 710 1130 810 digestivum
1157 723 1194 783 et
1221 723 1433 810 apparatum
1459 712 1751 806 circulatorium3

258 859 339 934 quse
354 834 483 909 relatio
496 832 675 905 stabilitur
686 858 755 930 ope
772 831 1041 931 clrloragogenae
1058 843 1095 903 et
1111 829 1330 931 typhlosolis.
1353 831 1489 904 Idcirco
1506 831 1753 907 deficientibus

257 953 508 1029 tantummodo
527 952 605 1025 aliis
629 954 771 1046 mediis,
799 956 1100 1052 comparationem
1122 954 1345 1026 instituimus
1363 956 1459 1026 inter
1481 981 1613 1053 organa
1634 956 1754 1057 diges-

254 1078 327 1153 tiva
352 1076 628 1151 Lumbricorum
653 1089 690 1147 et
712 1075 771 1147 illa
795 1097 875 1173 quae
899 1077 936 1146 in
962 1077 1088 1148 ceteris
1112 1074 1327 1148 animalibus
1346 1088 1554 1161 occurrunt.

303 1197 476 1299 Plurimae
499 1196 591 1269 ideae
607 1195 749 1267 obviam
773 1197 926 1267 veniunt
945 1194 989 1267 ad
1011 1194 1167 1267 diversas
1184 1192 1262 1265 illas
1286 1193 1489 1267 functiones
1507 1195 1753 1293 explicandas,

258 1333 298 1395 et
317 1332 465 1419 propter
487 1319 730 1392 diversitatem
752 1318 881 1415 ipsam,
909 1341 1038 1388 cavere
1060 1314 1232 1388 debemus
1253 1338 1302 1385 ne
1322 1314 1583 1387 inconsiderate
1606 1315 1675 1389 hoc
1697 1316 1758 1393 vel

256 1439 349 1515 illud
368 1453 519 1538 systema
539 1439 781 1511 admittamus.
805 1442 844 1508 1⁰
867 1441 923 1510 An
940 1438 1235 1536 chloragogeuam
1260 1435 1562 1508 considerabimus
1580 1449 1759 1536 tanquem'

258 1562 369 1659 bepor
385 1559 502 1659 quod,
530 1558 639 1630 bilem
662 1560 699 1629 iu
723 1558 864 1655 integri
891 1559 954 1629 sual
977 1571 1078 1653 parte
1099 1557 1283 1655 superiore
1306 1558 1529 1655 exprimens,
1552 1558 1664 1655 ipsam
1688 1584 1756 1659 ope

257 1679 473 1780 papillarum
502 1681 738 1777 posteriorum
762 1691 800 1750 et
823 1675 1106 1766 intaminabilis,
1133 1675 1302 1774 propellit
1327 1677 1365 1747 in
1396 1677 1634 1775 typblosoleru
1667 1681 1756 1777 qui,

258 1824 399 1898 semper
413 1801 451 1871 in
468 1812 637 1872 contactu
651 1797 857 1872 immediate
875 1825 957 1870 cum
974 1798 1152 1869 alimentis
1170 1821 1334 1888 versans,
1352 1797 1546 1895 particulas
1566 1799 1757 1871 nutritivas

258 1918 464 2018 separaret?
487 1918 616 1992 Nonne
641 1920 831 1992 divisiones
854 1918 1017 1990 laterales
1037 1918 1306 2017 chloragogensc
1333 1921 1372 1988 in
1396 1917 1598 2016 ingluviem
1622 1930 1661 1990 et
1683 1930 1758 1991 sto-

260 2041 535 2116 machum:sesc
556 2040 805 2130 extendentes,
824 2040 910 2114 huic
936 2040 1096 2136 opinioni
1118 2036 1312 2111 lavarent?

308 2164 351 2235 2⁰
376 2164 434 2234 An
468 2186 554 2237 vero
587 2161 747 2234 dicemus
776 2188 796 2232 a
824 2160 1024 2259 typlrlosole
1047 2160 1225 2232 elaborari
1251 2158 1444 2249 alimenta,
1478 2184 1632 2257 quorum
1660 2160 1758 2259 prior

260 2283 475 2383 praeparatio
497 2281 568 2383 jam
592 2281 665 2354 snit
689 2281 816 2353 effecta
838 2282 877 2351 in
898 2281 1062 2379 ingluvie
1079 2293 1117 2352 et
1139 2278 1340 2367 stomaclm3
1365 2278 1535 2350 ellectum
1554 2277 1665 2379 hujus
1681 2280 1758 2352 ela-

260 2400 452 2485 borationis
486 2403 701 2501 progignere
732 2401 906 2498 liquorem
936 2426 1046 2498 quem
1080 2399 1248 2472 eontinet
1278 2397 1502 2498 typhlosolis,
1535 2403 1599 2497 qui
1625 2399 1759 2498 liquior

265 2534 355 2595 tunc
375 2524 521 2619 specics.
538 2518 635 2619 clayli
658 2533 771 2612 esset3
800 2519 904 2592 illum
930 2518 1077 2618 chylum
1100 2518 1254 2618 propelli
1276 2519 1312 2592 in
1338 2517 1654 2618 clrloragogenam,
1694 2519 1760 2594 ubi

262 2652 464 2715 versaretur
487 2640 526 2711 iu
546 2653 714 2712 contactu
731 2666 814 2712 curn
833 2665 962 2738 magno
987 2664 1069 2714 vose
1091 2640 1298 2739 sanguifero
1321 2638 1450 2710 dorsali
1470 2637 1621 2739 ejusque
1644 2642 1757 2713 rami-
1785 2685 1787 2688 ⁴

263 2760 505 2851 ficatiooibus3
529 2761 620 2834 illud
644 2786 712 2836 vas·
728 2760 878 2861 ejusque
901 2763 1174 2835 vamisrcationes
1194 2759 1288 2831 nibil
1312 2758 1508 2830 aliudesse
1533 2760 1602 2832 nisi
1628 2784 1757 2854 venas,

263 2904 345 2981 quae
366 2879 516 2979 chylum
539 2879 779 2972 elaborantes,
798 2906 959 2980 euinque
982 2882 1085 2955 solito
1107 2882 1213 2954 modo
1232 2894 1495 2979 preparantes,
1527 2881 1644 2977 ipsum
1671 2888 1764 2983 pm*

263 3000 464 3100 pellerent,
494 3002 529 3074 vi
562 3000 822 3091 circulatiouis,
849 3003 887 3072 in
914 3027 1039 3074 omnes
1060 3006 1216 3100 torporis
1243 3014 1384 3098 partes,
1423 3004 1757 3077 transmutationem

264 3119 361 3219 cbyli
384 3121 423 3191 in
440 3123 651 3217 sanguinein
672 3120 764 3192 ellici
785 3123 823 3191 in
841 3121 1007 3192 vesiculis
1025 3121 1137 3193 aiireis
1152 3122 1192 3193 in
1210 3145 1367 3219 quarum
1385 3122 1537 3217 parietes
1556 3124 1758 3199 innumere
1825 3133 1831 3144 '

263 3241 537 3314 sacrificationes
557 3240 765 3337 sanguineae
791 3239 1014 3313 occurrunt?

310 3361 357 3435 3ο
379 3363 439 3433 An
468 3360 627 3459 denique
655 3359 910 3433 allirmabimus
937 3375 1111 3435 neutrum
1143 3362 1274 3434 borum
1305 3385 1521 3458 organorum
1552 3361 1598 3434 ad
1622 3386 1758 3462 organa

265 3478 457 3576 digestiva,
476 3478 600 3550 saltem
618 3477 769 3569 directe,
789 3481 989 3577 pertinere3
1007 3481 1303 3582 cliloragogenam
1320 3480 1412 3552 nilril
1428 3505 1503 3552 esse
1518 3482 1586 3552 nisi
1605 3479 1756 3559 ductum
1785 3468 1788 3473 ⁴

265 3597 515 3673 immediatum
544 3599 639 3693 inter
664 3599 784 3671 ovaria
806 3612 846 3671 et
873 3599 1135 3699 typhlosoletn3
1168 3601 1267 3673 liunc
1295 3602 1529 3699 posteriorem
1556 3597 1759 3700 junioribus

266 3719 387 3795 rabum
409 3720 588 3820 praebere,
614 3732 679 3793 aut
701 3720 902 3820 propellere
923 3719 1082 3821 juniores
1104 3732 1141 3792 et
1163 3746 1229 3794 ova
1248 3723 1452 3793 ovarinrum
1471 3721 1510 3790 iu
1531 3720 1759 3819 receptacula

266 3842 377 3941 partis
402 3831 559 3938 corporis
597 3840 790 3912 inferioris.
828 3839 894 3913 Illi
924 3839 1101 3912 sententiis
1126 3852 1224 3912 certe
1250 3839 1304 3912 Cl.
1333 3841 1468 3912 Homiv'
1490 3853 1529 3912 et
1560 3840 1651 3914 Cari
1676 3842 1759 3945 opi·
1844 3889 1852 3896 -

267 3962 435 4035 nionibus
461 3961 683 4052 faveremus,
718 3960 780 4033 sed
795 3960 907 4032 simul
928 3960 973 4033 ab
996 3960 1241 4036 observatione
1264 3959 1539 4032 discederemus.
1604 3997 1607 4001 ·

316 4082 359 4155 ln
380 4081 449 4153 bric
471 4080 761 4179 conjecturarum
782 4078 1006 4173 diversitate,
1029 4082 1158 4157 melius
1179 4094 1233 4156 est
1254 4080 1374 4156 dicere
1394 4082 1601 4156 functiones
1625 4079 1758 4158 borum

270 4225 486 4302 organorum
509 4200 611 4274 nobis
629 4201 777 4274 omnino
798 4225 873 4277 esse
899 4205 1048 4304 ignotas.
1806 4210 1809 4215 ’
