4244 5850
404 655 504 758 quod
524 652 761 729 circumdant.
788 651 882 724 Sunt
903 648 1048 742 albida,
1077 649 1270 750 paululum
1296 651 1481 746 subflavoe,
1504 668 1543 728 et
1569 680 1645 730 sese
1669 657 1896 737 absconth

403 782 444 853 in
466 790 575 850 strato
590 771 785 847 masculari
809 768 1065 860 circumdanti,
1086 770 1212 842 saltem
1233 771 1331 869 apud
1357 771 1521 870 quaedam
1543 774 1742 850 individua.

453 896 581 970 Nescio
601 919 648 965 au
663 892 741 964 haec
761 889 834 963 sola
850 890 922 962 aiut
939 914 1070 988 organa
1092 892 1280 961 secretoria
1300 894 1439 988 quaein
1459 892 1661 967 Lumbricis
1682 915 1892 976 occurrunt.

406 1018 561 1114 Corpore
583 1015 622 1085 in
642 1011 783 1109 integri
800 1009 1039 1109 amplitudine
1056 1023 1198 1106 aperto,
1221 1009 1331 1107 vulgo
1351 1010 1532 1107 reperitur
1553 1024 1627 1084 tola
1646 1040 1728 1112 pars
1742 1019 1894 1095 inferior

402 1135 541 1235 repleta
564 1133 705 1232 liquore
724 1130 937 1220 albescenti,
969 1130 1032 1227 qui
1060 1129 1157 1200 tanti
1184 1130 1286 1226 cupid
1310 1128 1480 1219 exsudat,
1514 1143 1557 1202 ut
1586 1157 1680 1231 aaepe
1706 1150 1892 1234 aspectum

403 1277 621 1354 organorum
643 1275 726 1349 quae
750 1248 916 1336 obducit,
938 1246 1050 1318 oculis
1068 1245 1266 1318 subtrahat.

452 1371 645 1470 Quidquid
671 1369 717 1442 de
742 1368 812 1440 haic
834 1391 876 1440 re
896 1369 965 1458 sit,
995 1365 1174 1464 glaudulae
1200 1364 1324 1436 clitelli
1352 1365 1441 1436 mihi
1469 1365 1640 1442 videntur
1663 1394 1738 1444 esse
1757 1398 1892 1473 organa

403 1517 485 1592 quoe
506 1489 713 1589 producunt
734 1510 884 1560 mucum
906 1510 979 1584 quo
1001 1509 1130 1582 corpus
1155 1482 1429 1556 Lumbricorurn
1457 1508 1598 1583 semper
1625 1502 1663 1560 et
1691 1494 1892 1588 praescrtim

403 1612 558 1684 durante
586 1607 814 1706 copulatione
827 1603 1053 1693 obducitur,
1088 1616 1125 1675 ct
1150 1627 1223 1674 nou
1250 1603 1436 1700 ignoratur
1471 1618 1555 1679 actu
1585 1605 1648 1678 illo
1681 1612 1891 1706 perficiente

403 1734 470 1804 ista
494 1725 660 1801 animalia
695 1722 829 1797 clitello
847 1724 1041 1796 arctissime
1064 1722 1160 1793 inter
1182 1745 1220 1793 ac
1241 1720 1419 1794 cohaererc
1433 1732 1460 1813 ς’·
1475 1723 1552 1796 haec
1576 1751 1658 1823 pars
1679 1731 1892 1833 comprimi.

403 1863 483 1938 tur,
504 1844 676 1944 exprimit
694 1866 741 1915 ex
763 1839 942 1940 glandulis
962 1840 1198 1937 quantitatem
1216 1841 1314 1912 muci
1333 1840 1569 1915 sufficientem
1586 1858 1624 1917 et
1640 1871 1724 1920 mox
1741 1874 1890 1948 corpora

403 1967 590 2041 amborum
617 1960 888 2036 individuorum
916 1959 985 2030 hoc
1013 1949 1163 2030 'omniuo
1194 1957 1414 2057 obteguntur
1447 1974 1485 2033 ct
1514 1962 1719 2039 illinuntur.
1761 1969 1891 2059 Quum

403 2087 612 2162 mechanica
634 2083 847 2182 compressio
867 2082 906 2152 iu
922 2077 1095 2150 clitellam
1113 2093 1341 2169 exerceatur,
1361 2079 1456 2151 idem
1475 2082 1666 2156 reiteratur
1687 2086 1838 2160 effectus
1852 2103 1890 2163 ct

266 2248 272 2260 ·
404 2208 552 2307 quidem
584 2202 709 2305 majori
736 2200 913 2273 minorive
941 2210 978 2270 ct
1007 2223 1073 2294 pro
1098 2209 1194 2269 statu
1220 2199 1352 2295 quietis
1377 2199 1561 2273 Lumbrici
1592 2216 1629 2274 et
1664 2230 1730 2301 pro
1762 2206 1890 2307 majori

403 2328 583 2401 minorive
601 2309 854 2422 glandularum
877 2316 1094 2390 evolutione.

453 2445 604 2545 Rogabit
625 2444 772 2515 fortasse
796 2441 926 2538 aliquis
953 2441 1118 2537 quisnam
1140 2440 1186 2509 sit
1210 2436 1321 2538 hujus
1341 2437 1489 2536 liquoris
1512 2441 1641 2514 exitus.
1670 2443 1890 2546 Hucusque

403 2565 566 2639 noudum
583 2563 701 2659 reperi
721 2559 939 2659 peculiarem
959 2570 1164 2655 aperturam
1180 2558 1273 2629 circa
1292 2556 1468 2630 clitellum
1484 2572 1521 2631 ct
1535 2563 1654 2634 ucscio
1669 2588 1716 2634 an
1730 2569 1889 2642 excretio

398 2689 525 2759 locum
549 2680 680 2754 habeat
701 2702 767 2777 per
791 2702 895 2775 poros
915 2675 1028 2777 hujus
1052 2678 1163 2774 partis
1186 2676 1280 2748 dorsi
1305 2700 1387 2773 quae
1414 2676 1547 2751 clitello
1573 2684 1839 2781 correspondet.

411 2939 1884 2986 m

816 3168 1036 3262 raus
1110 3140 1566 3276 ouauuA.'

450 3433 516 3506 DE
548 3425 828 3502 FAGULTATE
867 3423 971 3514 QUA
1011 3425 1243 3498 GAUDENT
1277 3427 1508 3503 LUMBRICI
1546 3431 1727 3506 PARTES
1759 3435 1839 3509 SUI

702 3584 929 3658 CORPORIS
969 3584 1170 3660 SECATAS
1205 3589 1589 3666 REPRODUCENDI.

1039 3850 1249 3890 ψ’-

450 4067 764 4175 Quemadmodum
787 4074 859 4178 jam
884 4078 1110 4169 monuimus,
1138 4091 1265 4177 quarta
1288 4093 1326 4152 et
1348 4080 1475 4154 ultima
1497 4109 1579 4182 pars
1595 4098 1722 4158 uostrae
1742 4087 1904 4160 uisse·

400 4202 542 4277 tationis
569 4200 644 4298 agit
678 4196 723 4268 de
754 4191 909 4267 mirabili
940 4194 1112 4268 facultate
1144 4196 1216 4295 qud
1248 4196 1408 4296 gaudent
1437 4203 1622 4276 Lumbrici
1652 4229 1734 4277 suas
1766 4218 1889 4302 partos

399 4333 530 4396 secatus
551 4313 825 4417 reproducendi.
868 4315 1065 4406 Primum,
1095 4315 1297 4412 quaedam,
1315 4317 1434 4415 quoad
1460 4318 1596 4394 hancce
1628 4323 1887 4421 proprietatem

399 4439 578 4542 generalia
601 4432 841 4523 stabiliemus,
880 4432 943 4506 sed
972 4445 1092 4505 tamcu
1120 4437 1159 4505 in
1187 4433 1248 4507 iltt
1275 4434 1486 4532 explicandi
1519 4464 1593 4511 non
1617 4441 1772 4514 nimium
1799 4439 1888 4516 veri·

398 4558 573 4652 salimur,
594 4553 831 4654 phaenomena
857 4552 957 4625 enim
979 4551 1052 4626 huc
1074 4576 1188 4652 usque
1210 4551 1401 4630 observata
1418 4569 1497 4628 tum
1519 4558 1559 4629 iu
1582 4558 1690 4632 classe
1713 4556 1888 4634 Lumbri‘·
