4244 5850
997 575 1124 668 (xv)

285 719 369 790 dom
380 684 488 791 causd
501 716 663 815 quddam
675 741 764 788 meae
776 714 977 791 voluntatis
993 719 1150 788 omnino
1162 713 1302 806 alieni,
1318 742 1384 817 per
1401 717 1439 791 id
1458 717 1533 791 fere
1550 744 1662 793 omne
1676 737 1823 826 tempus

285 859 362 932 quo
379 832 493 933 praelo
516 830 779 933 subjiciebatur
794 831 907 922 liber,
925 831 972 905 ab
991 830 1086 906 urbe
1102 837 1242 905 recessi.

334 951 546 1047 Antequam
562 945 649 1021 huic
668 951 848 1048 prooemio
860 946 980 1021 ‘finem
1002 953 1218 1048 imponam,
1235 946 1341 1020 liceat
1364 945 1459 1021 mihi
1478 967 1521 1022 ut
1537 975 1597 1023 me
1616 952 1829 1029 cumulatis·

285 1068 376 1138 sime
402 1087 606 1136 memorem
627 1061 810 1162 praebeam
836 1061 1073 1136 nobilissimis
1097 1060 1445 1163 perillustribusque
1469 1065 1711 1141 Curatorihus
1737 1073 1828 1143 Uni·
1950 1110 1955 1119 ·

284 1182 463 1252 versitatis
481 1177 733 1252 Gandavensis
749 1181 885 1255 Comiti
906 1179 1075 1266 notens,
1088 1181 1252 1277 Principi
1271 1179 1323 1251 De
1347 1181 1503 1268 Gnvern,
1520 1185 1607 1280 Regi
1628 1187 1649 1254 a
1665 1183 1828 1259 consiliis

288 1298 323 1370 V
321 1323 367 1367 an
392 1296 514 1384 Toers,
537 1298 578 1367 in
598 1293 749 1395 Belgicis
765 1298 923 1368 comitiis
939 1297 1139 1366 Procerum
1160 1291 1207 1364 ad
1221 1293 1392 1365 ordinem
1406 1292 1525 1394 legato
1545 1298 1624 1368 Van
1644 1296 1825 1388 Hulthcm,

286 1408 389 1485 urbis
403 1393 609 1485 prafectori
633 1415 729 1484 etin
751 1410 881 1484 iisdem
902 1410 1061 1482 comitiis
1084 1404 1206 1507 legato
1222 1408 1302 1482 Van
1328 1407 1571 1509 Crombrque,
1592 1408 1691 1485 hisce
1713 1416 1827 1486 scien-

286 1531 421 1599 tiarum
450 1522 716 1626 literarumque
743 1521 1029 1613 Mecoenatibus,
1055 1537 1092 1596 et
1119 1520 1191 1596 illis
1216 1521 1449 1621 amplissimis
1475 1529 1563 1598 viris
1593 1531 1659 1622 qui
1684 1525 1827 1627 collegii

285 1645 510 1717 Curatorum
527 1639 574 1714 ab
595 1646 683 1715 actis
696 1659 786 1721 sunt
811 1639 1017 1714 Cornelissen
1035 1655 1071 1711 et
1090 1639 1131 1710 L.
1151 1640 1205 1709 De
1223 1637 1305 1708 Bast
1321 1662 1484 1736 quorum
1503 1643 1685 1738 posterior
1703 1640 1826 1715 studio

286 1782 353 1829 suo
377 1757 530 1831 ardente
554 1772 590 1830 et
610 1760 747 1831 artium
768 1754 977 1830 liberalium
1000 1756 1225 1852 cognitione,
1251 1750 1360 1825 bonae
1382 1750 1594 1827 tabularum
1617 1759 1825 1830 executioni

285 1871 487 1947 admodum
517 1873 616 1947 favit.
653 1877 782 1971 Vigeat
810 1887 920 1970 atque
952 1882 1148 1947 veneretur
1178 1872 1335 1942 istorum
1374 1871 1540 1943 virorum
1576 1873 1753 1945 memoria
1782 1875 1823 1945 in

285 1988 483 2060 aeternum!
1671 2003 1673 2007 ’

1003 2215 1175 2304 Gandovi,
1196 2215 1228 2285 d.
1254 2239 1266 2284 1
1292 2212 1406 2312 aprilis
1431 2215 1537 2310 1829.
