4244 5850
910 562 1064 664 (153)

246 733 365 818 verbis
388 732 433 806 de
454 731 516 806 illo
536 730 713 831 loquitur:
734 729 856 803 Juxta
875 731 1127 801 summitatem
1149 729 1366 827 oesoplrogr',
1393 756 1457 803 cor
1469 734 1671 831 palpitans
1697 752 1735 810 et

246 856 488 951 reciprocam
503 853 666 950 systolen
686 864 725 924 et
739 850 921 926 diastolas
943 851 1042 922 vices
1064 848 1204 946 (sicuti
1228 849 1408 921 iniretis
1422 851 1734 951 perfectioribus)
1844 864 1847 869 ’

244 975 408 1060 habens,
440 974 595 1044 locatur.
622 974 678 1044 Ex
700 970 756 1043 his
778 984 876 1070 patet
901 969 1005 1043 illum
1027 982 1208 1043 auctorem
1232 970 1356 1044 reveri
1383 985 1553 1072 tanquam
1579 1003 1639 1051 cor
1667 977 1744 1052 ha·

247 1095 366 1169 huisse
388 1093 591 1192 congeriem
614 1091 855 1190 quorumdam
879 1089 1107 1166 vasculorum
1133 1114 1214 1188 quae
1242 1088 1319 1191 ejus
1342 1094 1464 1190 organi
1487 1096 1582 1168 vices
1604 1111 1732 1196 agunt3

248 1215 434 1312 sequentia
459 1238 544 1288 vero
572 1210 680 1287 verba
707 1208 952 1283 demonstrant
976 1236 1105 1308 magna
1131 1205 1213 1284 vasa
1233 1208 1505 1308 longitudinalia
1533 1218 1599 1313 ipsi
1627 1220 1733 1290 etiam

247 1346 323 1405 uon
338 1332 447 1404 surse
466 1333 607 1428 ignota:
625 1331 777 1401 Ductus
797 1326 1029 1426 congressam,
1048 1330 1216 1426 insignes
1224 1381 1238 1415 ,
1258 1332 1378 1402 madio
1400 1334 1529 1404 horum
1545 1361 1736 1429 corporum

249 1453 421 1549 (ovorio)
449 1452 644 1536 incedunt,
670 1452 784 1545 inque
813 1451 862 1521 iia
886 1451 1059 1544 pulsatio
1083 1449 1285 1535 motabilis,
1317 1454 1435 1522 veluti
1461 1455 1500 1522 in
1526 1455 1648 1526 cordis
1677 1459 1735 1528 νὶ-

233 1574 353 1650 ct'riia
375 1573 614 1668 conspicitur.
746 1658 749 1663 ἡ

275 1715 278 1719 ’
300 1692 449 1765 Veteres
476 1691 665 1763 anatomici
693 1688 898 1763 retulerunt
920 1686 1167 1758 tantummodo
1190 1711 1270 1784 quae
1292 1714 1312 1759 a
1336 1688 1389 1760 cl.
1418 1693 1563 1762 Willis
1586 1693 1738 1767 fuerunt

242 1812 364 1905 dicta,
384 1815 568 1911 ipsiusque
586 1813 741 1886 inventis
761 1809 852 1881 nihil
869 1810 953 1882 novi
976 1806 1203 1879 addiderunt.
1225 1808 1282 1879 Ex
1300 1807 1465 1905 pluribus
1482 1812 1738 1887 recentioribus

232 1956 239 1972 ··
250 1932 344 2007 nihil
359 1935 471 2030 magis
488 1946 542 2004 est
557 1931 811 2029 colligendum.
831 1929 884 2001 Cl.
902 1926 1268 2024 Montegraadmittit
1281 1941 1423 2001 tantum
1433 1933 1578 2004 arterias
1594 1958 1739 2032 magnas

252 2064 412 2128 et'venas
435 2053 529 2126 dorsi
550 2054 756 2150 ventrisque
778 2064 887 2150 atque
909 2049 1103 2122 reticulum
1121 2049 1248 2144 ingens
1268 2048 1491 2123 vasculorum
1512 2054 1739 2150 sanguiiero-

253 2199 335 2247 rum
358 2175 397 2246 in
416 2173 494 2246 loco
516 2172 630 2244 cordis
650 2170 916 2243 collocatorum.
941 2168 1016 2241 Cel.
1045 2169 1199 2252 caeter,
1223 2167 1390 2263 (Leonas
1408 2169 1578 2241 d'Anot.
1595 2198 1712 2267 comp.
1721 2225 1735 2259 ,

253 2306 281 2365 t.
296 2292 384 2365 IV.
402 2317 445 2385 p.
466 2293 565 2387 413)
587 2291 675 2362 dicit
694 2303 857 2362 nostrum
879 2286 1011 2359 animal
1028 2285 1220 2383 praeditum
1241 2310 1315 2357 esse
1333 2286 1473 2360 vasibus
1494 2289 1740 2387 longitudine-

232 2410 347 2485 tibus
367 2412 512 2487 ramosis
529 2422 566 2482 et
587 2409 731 2506 'repletis
748 2409 941 2504 sanguine,
963 2405 1116 2504 ptdchro
1138 2403 1247 2476 rubro
1264 2404 1380 2477 colore
1396 2406 1541 2500 indut03
1568 2424 1740 2487 eaeterum

252 2555 291 2603 se
307 2555 378 2602 nou
394 2531 550 2627 potuisse
567 2529 777 2599 continuare
800 2524 1060 2596 observationes
1071 2526 1110 2597 in
1127 2537 1277 2623 systema
1300 2526 1539 2601 circulationis
1556 2530 1741 2609 Lumbrici

255 2664 292 2723 et
309 2649 516 2737 Hirudinis‚
545 2649 585 2719 in
607 2672 680 2746 quo
703 2645 829 2718 ultimo
853 2657 972 2715 tamen
998 2641 1142 2714 animali
1168 2643 1310 2716 vascula
1333 2647 1452 2718 minus
1472 2647 1739 2723 sunt-visibilia.

248 2770 340 2862 ¹Hic,
368 2770 673 2868 quemadmodum
706 2769 784 2839 sere
811 2791 974 2864 semper,
1004 2763 1079 2836 Cel.
1111 2764 1236 2835 Home
1263 2777 1300 2836 et
1331 2765 1449 2836 Corus
1475 2767 1539 2839 soli
1570 2781 1742 2866 tanquam
1869 2850 1873 2857 ⁸

228 2889 515 2989 diligentissimi
535 2901 573 2961 et
591 2886 844 2960 accuratissimi
864 2886 1131 2980 investigatores
1150 2881 1290 2958 obviam
1312 2887 1476 2957 veniunt.
1503 2889 1608 2959 Prior.
1625 2889 1742 2963 fusius

226 3006 420 3109 -‘eisposuit
442 3036 507 3082 sua
532 3008 715 3082 observata
745 3009 784 3078 in
813 3005 1082 3077 circulationem
1109 3015 1148 3074 et
1170 3004 1439 3101 respirationem
1471 3005 1673 3100 Lumbrici,
1699 3009 1742 3080 in

256 3128 499 3204 dissertitione
523 3129 666 3201 laudata
687 3130 774 3199 anni
795 3130 902 3203 1817.

306 3249 360 3321 cl.
382 3251 445 3342 De
465 3249 674 3319 Bloinville
692 3246 780 3317 mihi
800 3248 896 3317 visus
912 3256 965 3316 est
988 3268 1031 3315 ex
1053 3243 1122 3315 illis
1144 3243 1334 3320 observatis
1360 3247 1514 3321 hausisse
1529 3250 1608 3323 fere
1621 3252 1742 3324 omnia

258 3392 341 3469 quoe
363 3368 451 3440 dicit
471 3370 510 3439 in
530 3390 638 3464 opere
653 3365 756 3462 cujus
777 3365 922 3436 titulus:
948 3365 1211 3439 Dictionmoire
1233 3367 1297 3438 das
1324 3370 1487 3440 sciences
1512 3373 1740 3459 matarellos,

228 3542 234 3555 .
257 3488 349 3586 (art.
370 3487 621 3584 Lumbricus)‚
641 3485 768 3558 additis
783 3497 903 3556 tamen
921 3484 1133 3582 quibusdam
1156 3480 1458 3561 observationibus
1480 3491 1572 3564 scitu
1597 3490 1725 3590 dignis.

226 3596 232 3711 ζ
306 3610 506 3682 Discrimen
526 3586 621 3679 ititer
644 3607 785 3680 vascula
811 3605 987 3677 arterialia
1010 3619 1047 3677 et
1075 3632 1203 3681 venosa
1231 3607 1415 3680 Lumbrici
1437 3635 1510 3681 non
1538 3608 1644 3683 facile
1668 3623 1743 3684 sta-
1759 3620 1925 3676 Discrimina

257 3729 354 3803 biliri
374 3741 507 3827 potest,
534 3729 619 3826 quia
640 3739 769 3824 praeter
796 3727 1029 3824 exiguitatem
1052 3726 1295 3820 vasculorum,
1326 3730 1422 3801 color
1450 3733 1639 3831 utriusque
1660 3758 1745 3805 san·
1760 3700 1969 3812 {glevqnqqemr

223 3922 225 3927 .
261 3847 559 3948 guinis‘speciei‚
590 3849 671 3917 aire
705 3844 896 3916 modificati
928 3859 991 3917 aut
1028 3870 1102 3917 non
1128 3845 1338 3940 modificati,
1371 3862 1424 3920 est
1452 3847 1547 3922 idem
1576 3865 1639 3923 aut
1665 3847 1744 3925 fere

231 4038 235 4045 .
259 3970 369 4043 idem.
404 3966 593 4065 Quidquid
623 3966 667 4038 de
691 3965 760 4037 hac
781 3991 820 4038 re
844 3968 910 4056 sit,
934 3978 1103 4063 tanquam
1131 3990 1238 4040 venas
1264 3967 1437 4040 habemus
1459 3972 1577 4042 omnia
1601 3971 1743 4045 vascula

262 4082 343 4190 quoe
364 4088 504 4163 ducunt
526 4101 589 4159 aut
611 4086 744 4158 ducere
766 4086 933 4160 videntur
960 4089 1172 4185 sanguinem
1195 4089 1233 4159 in
1257 4091 1458 4188 congeriem
1479 4091 1656 4166 canalium
1683 4120 1744 4168 cor

227 4198 233 4215 ¹
261 4211 574 4300 constituentium,
599 4221 636 4279 et
660 4209 803 4280 arterias
828 4207 969 4282 vascula
992 4234 1072 4307 quae
1092 4211 1268 4280 contrario
1290 4235 1441 4282 munere
1463 4212 1685 4309 iunguntur,
1707 4213 1745 4285 id

159 4331 164 4341 '
261 4344 331 4424 est,
353 4331 563 4428 sanguinem
586 4326 793 4427 propellunt
814 4331 852 4399 in
876 4355 997 4401 omnes
1015 4330 1168 4428 corporis
1186 4342 1303 4427 partes
1325 4343 1360 4400 et
1378 4332 1574 4426 praesertim
1589 4333 1627 4403 in
1650 4335 1744 4405 vesi-

227 4526 233 4535 ,
263 4450 361 4525 culas
378 4438 497 4522 aereas
513 4473 684 4523 earumve
705 4451 936 4519 membranas.
957 4448 1034 4519 Alia
1051 4448 1194 4527 vascula
1217 4450 1256 4520 in
1277 4447 1407 4547 quibus
1426 4449 1545 4522 fluxus
1566 4453 1749 4551 sauguinis
1842 4442 1849 4459 '

262 4597 452 4672 nunquam
473 4568 575 4642 nobis
603 4569 789 4643 evidenter
810 4564 992 4667 apparuit,
1019 4570 1240 4643 reducentur
1263 4568 1306 4640 ad
1323 4594 1431 4642 unam
1455 4570 1646 4646 alteramve
1666 4596 1749 4672 spe-

262 4680 356 4766 ciem
374 4691 505 4765 horum
526 4688 723 4781 canalium,
747 4689 946 4761 secundum
976 4703 1140 4763 mertuum
1165 4714 1290 4761 eorum
1318 4686 1594 4787 dispositionem.

1366 4834 1411 4882 20
