4244 5850
1070 490 1223 593 (156)

392 661 459 730 iter
491 655 714 728 transversali
749 654 853 729 modo
887 658 1099 730 continuant
1133 672 1170 731 et
1197 672 1416 754 percurrunt
1443 657 1652 757 pediculum
1677 664 1883 738 orariorum

393 802 595 875 eorumque
621 777 848 875 superficiem
872 777 1065 850 internam.

441 897 629 994 Tanquam
652 896 923 969 ramifieationes
944 896 1171 996 oesophageae
1193 897 1318 971 haberi
1341 915 1485 998 possent
1506 901 1697 977 divisiones
1723 906 1883 1003 primor-

393 1016 502 1091 diales
517 1014 703 1088 delineatae
719 1017 758 1089 in
780 1017 822 1099 d,
847 1041 929 1114 quae
951 1017 1059 1088 simul
1080 1031 1232 1115 sumptae
1259 1021 1482 1095 constituunt
1505 1048 1566 1096 cor
1587 1023 1784 1100 Lumbrici.
1812 1026 1886 1101 Sed

393 1139 437 1210 de
463 1138 531 1211 hoc
556 1140 740 1236 speciatim
762 1162 927 1234 agemus,
952 1163 1037 1209 eum
1065 1163 1125 1210 cor
1150 1138 1444 1214 examinabimus.

566 1358 597 1402 c.
649 1330 961 1428 Ramificationes
990 1343 1060 1401 aut
1087 1334 1235 1402 arteriae
1259 1336 1462 1404 coronariae
1487 1338 1698 1408 ventriculi.

443 1519 519 1592 111ae
541 1521 813 1596 ramificationes
840 1532 925 1593 sunt
953 1520 1117 1591 maaimae
1144 1544 1233 1616 quas
1256 1533 1351 1594 sorta
1374 1520 1560 1619 producit,
1583 1524 1741 1621 exceptis
1767 1523 1888 1598 cordis

395 1637 722 1713 ramilieationibus.
755 1638 1002 1713 Numerantur
1026 1651 1098 1709 tres
1119 1651 1183 1710 aut
1209 1653 1382 1735 quatuor3
1406 1655 1492 1714 sunt
1517 1641 1679 1715 laterales
1704 1658 1742 1716 et
1764 1658 1887 1718 mans-

393 1760 563 1852 versatas,
586 1774 624 1834 et
645 1759 893 1834 extenduntur
907 1762 946 1834 in
962 1758 1230 1857 chloragogenae
1254 1785 1381 1832 ramos.
1398 1760 1412 1856 (
1422 1759 1508 1858 esg,
1525 1763 1699 1861 eaedfig.
1716 1777 1754 1836 el
1769 1766 1885 1862 tad).

396 1878 638 1952 crassitudine
660 1879 737 1952 fere
758 1879 1026 1971 crassitudinem
1054 1893 1160 1951 aortae
1175 1880 1384 1978 ,adaequant
1407 1882 1495 1980 Ipsis
1515 1909 1647 1957 nomen
1670 1887 1887 1963 arteriarum

396 2001 660 2071 coronariarum
690 1999 862 2072 stomachi
884 1998 1012 2091 tribui,
1040 2001 1123 2096 quia
1153 2000 1401 2097 magnitudine
1428 2000 1613 2074 excellunt
1638 2016 1675 2074 et
1702 2004 1888 2104 complec-

396 2132 527 2192 tuntur
548 2119 746 2217 ingluviem
767 2132 830 2191 aut
852 2119 1074 2192 stomachum
1094 2133 1264 2216 tanquam
1286 2121 1413 2207 annuli
1436 2135 1500 2193 aut
1519 2148 1671 2194 coronae.

445 2241 581 2313 Earum
607 2241 732 2338 positio
759 2240 846 2313 mihi
872 2224 945 2313 non
976 2239 1210 2332 determinata
1241 2238 1397 2312 videtur.
1429 2241 1573 2313 Etenim
1590 2255 1802 2315 occurrunt
1837 2242 1886 2315 ad

396 2361 620 2459 superficiem
644 2359 748 2432 modo
769 2360 963 2460 ingluviei,
992 2360 1096 2432 modo
1125 2359 1332 2449 ventriculi,
1356 2360 1418 2433 sed
1439 2386 1580 2463 semper
1607 2367 1778 2441 existunt.
1801 2362 1888 2437 Non

396 2478 467 2557 illoe
484 2481 757 2555 ramilicationes
781 2493 844 2552 aut
865 2481 1004 2553 arteriae
1027 2478 1201 2552 conlundi
1224 2477 1358 2551 debent
1379 2507 1463 2553 cum
1484 2480 1624 2554 lineolis
1646 2485 1783 2559 venosis
1802 2508 1889 2583 qum

398 2599 437 2670 in
454 2623 560 2673 sensu
582 2598 807 2676 transversali
830 2599 875 2674 ad
899 2601 1126 2698 superficiem
1151 2599 1343 2673 ventriculi
1369 2600 1630 2676 extenduntur.
1870 2592 1873 2597 ¹

801 2794 837 2864 d.
888 2793 1197 2891 Remificationes
1231 2796 1482 2869 intestinales.

447 2982 490 3053 In
512 2981 675 3079 singulos,
690 2979 860 3073 annulos,
884 2995 947 3054 aut
970 2981 1127 3080 singulas
1149 2981 1338 3055 divisiones
1360 2982 1609 3057 transversales
1633 2982 1754 3081 magni
1772 2982 1888 3056 inoes-

401 3104 487 3194 tini,
502 3106 643 3202 reperio
658 3102 747 3175 duas
762 3103 1034 3174 ramificationes
1049 3102 1230 3174 arteriales
1245 3127 1289 3174 ex
1314 3102 1412 3174 aorta
1434 3103 1635 3201 productas.
1660 3102 1745 3197 (th,
1757 3102 1837 3202 fig.
1850 3105 1887 3176 1.

403 3224 480 3294 tab.
505 3223 796 3294 XX-XXIII.
807 3223 832 3319 ).
854 3221 1011 3320 Singulae
1031 3220 1101 3293 illoe
1116 3222 1388 3294 ramifieationes
1405 3235 1490 3294 sunt
1505 3220 1755 3295 transversales
1769 3234 1807 3293 et
1821 3242 1889 3294 ex·-

400 3341 602 3416 tendontur
614 3342 774 3441 paralleli
791 3342 895 3414 modo
911 3343 956 3414 ad
971 3340 1202 3439 diaphragma
1217 3366 1292 3440 quo
1306 3340 1588 3414 circumdantur.
1606 3340 1688 3411 Una
1704 3364 1750 3412 ex
1760 3341 1804 3412 iis
1814 3361 1889 3415 nen

400 3462 597 3562 replicatur
619 3461 686 3534 sub
707 3463 875 3533 intestino
899 3463 1094 3558 ipsumque
1117 3459 1285 3550 obducit,
1313 3459 1375 3532 sed
1400 3459 1608 3531 extenditur
1629 3461 1668 3530 in
1695 3458 1890 3534 redettlam

404 3589 544 3673 aeream
561 3584 665 3655 lateri
682 3583 1016 3681 correspondentem
1033 3580 1097 3654 ubi
1113 3581 1289 3671 occurrit,
1316 3582 1356 3652 in
1377 3577 1526 3679 ejusque
1542 3581 1695 3677 parietes
1711 3590 1890 3677 penetrat.

403 3707 474 3777 Per
499 3703 578 3776 illas
599 3704 887 3793 ramifieationes‚
910 3727 1063 3800 quarum
1088 3699 1220 3773 similes
1241 3701 1474 3798 reperiuntur
1492 3698 1536 3770 ab
1559 3713 1713 3797 utroque
1735 3699 1892 3798 corporis

404 3824 516 3898 latere
539 3837 576 3897 et
597 3824 737 3919 integris
752 3822 886 3897 canalis
908 3822 1119 3897 intestinalis
1140 3820 1394 3916 amplitudine,
1418 3820 1553 3893 aeratis
1576 3833 1640 3893 ent
1665 3819 1780 3892 states
1805 3843 1892 3892 mu-

403 3947 491 4019 tatio
508 3948 602 4017 inter
613 3949 824 4043 sanguinem
838 3968 1007 4017 venoaum
1024 3946 1283 4034 etsonguinem
1301 3939 1516 4013 arterialem.
1534 3938 1746 4038 Insiogulos
1755 3940 1893 4015 etenim

390 4063 584 4139 'folliculos
608 4063 854 4162 pulmonases,
885 4061 1134 4137 extenduntur
1158 4062 1431 4133 ramilicationes
1455 4084 1593 4134 venosre
1620 4073 1657 4133 et
1673 4059 1868 4137 ,arteriales
1880 4115 1893 4153 ‚

406 4197 444 4259 et
468 4183 518 4256 ibi
547 4207 672 4257 earum
701 4183 820 4257 ultimi
854 4180 1050 4259 ramusculi
1075 4180 1251 4254 conlundi
1284 4192 1321 4253 et
1345 4178 1518 4280 conjungi
1547 4177 1729 4254 videntur.
1752 4179 1894 4255 Priores

406 4303 598 4402 (venosa)
634 4305 902 4377 communicant
929 4329 1014 4377 eum
1042 4301 1171 4400 magnis
1202 4300 1542 4391 venerationes,
1575 4301 1614 4370 ni
1640 4298 1775 4392 ¹fallor,
1807 4322 1895 4373 cum

408 4425 560 4498 vasculis
581 4423 793 4523 sanguiferis
817 4448 901 4522 quas
918 4447 1053 4500 nervos
1078 4423 1382 4514 eonoomitantur,
1408 4420 1524 4509 donee
1544 4412 1756 4518 posteriores
1773 4418 1896 4517 (arte-

408 4545 532 4643 riales)
565 4571 650 4619 eum
678 4557 775 4618 sorta
800 4545 1078 4619 communicant.
1115 4544 1180 4619 Hie
1194 4541 1414 4642 ,propellunt
1442 4543 1483 4617 in
1509 4554 1647 4616 sortem
1679 4540 1895 4639 sanguinem
