4244 5850
1066 495 1223 601 (aas)

435 663 568 745 Dirido
588 663 703 767 hepar
726 663 801 741 sire
827 661 987 738 tunicam
1011 677 1200 743 externam
1224 666 1386 744 intestini
1404 667 1446 744 in
1464 668 1554 749 duas
1571 673 1697 754 faciem
1720 678 1902 765 dor-lm

391 804 430 864 et
447 788 661 865 rentralem.

158 929 388 1008 sat-inruptio,
439 915 478 984 1ο
501 910 684 984 Ventralis
706 924 760 983 est
779 910 893 1010 magis
915 909 1081 1009 aequalis,
1105 913 1220 1010 magis
1240 910 1426 1014 laevigata,
1451 917 1574 992 minus
1599 892 1902 1030 popilloon'quarn

193 1002 336 1053 '‘mun’‘
388 1037 498 1108 facies
513 1036 687 1135 opposita.
711 1033 767 1107 Ad
787 1046 929 1133 partem
949 1034 1112 1107 intestini
1130 1037 1375 1135 superiorem,
1398 1037 1550 1143 majores
1565 1042 1639 1118 lobi
1658 1071 1802 1149 semper
1822 1051 1900 1129 dis-

389 1158 492 1229 tincti
520 1158 773 1257 reperiuntur,
796 1155 893 1228 infra
918 1168 956 1229 et
978 1170 1062 1231 aute
1084 1160 1310 1233 stomachum
1331 1162 1549 1262 pendentes,
1573 1165 1680 1271 cujus
1700 1196 1796 1275 saepe
1810 1202 1902 1279 pnr-

388 1292 462 1353 tem
490 1278 691 1352 obducunt.
711 1275 832 1374 (Vrde
842 1277 922 1377 fig.
948 1278 983 1351 3.
1010 1279 1088 1351 tob.
1112 1282 1186 1353 XI
1192 1283 1363 1381 -XII.)

437 1400 486 1473 Hi
506 1398 580 1473 lobi
603 1414 689 1473 sunt
712 1397 964 1473 transversales
985 1400 1060 1475 sive
1083 1399 1242 1500 obliqui,
1266 1398 1312 1474 ab
1337 1403 1486 1478 externi
1504 1421 1614 1505 parte
1636 1410 1682 1485 ad
1702 1414 1903 1497 introrsum

387 1523 681 1626 progredientes,
712 1521 818 1595 liberi
850 1520 924 1595 unb
956 1547 1105 1595 suarum
1141 1523 1432 1620 extremitatum,
1464 1528 1647 1605 sciliceta
1679 1533 1824 1615 dorsali.
1855 1540 1902 1617 In

388 1644 590 1720 ventralem
615 1670 710 1745 saepe
730 1657 818 1718 sunt
839 1642 972 1743 aequati
998 1657 1035 1715 et
1056 1668 1150 1743 saepe
1174 1644 1424 1718 tantummodo
1451 1648 1489 1720 in
1516 1649 1627 1725 facies
1647 1653 1813 1732 laterales
1836 1676 1903 1739 aut

390 1767 545 1842 dorsales
566 1791 642 1841 sese
668 1765 840 1841 solvendo
865 1764 1093 1838 dividuntur.
1121 1764 1178 1837 Ad
1202 1765 1477 1867 ruicroscopium
1502 1779 1701 1873 perspecti,
1725 1780 1904 1859 exhibent

389 1892 601 1965 innumeras
622 1887 772 1961 lineolas
796 1901 861 1961 aut
887 1887 1037 1986 exiguos
1057 1884 1193 1978 sulcos,
1216 1888 1486 1984 transversaleS,
1510 1918 1594 1991 quae
1616 1896 1710 1970 nihil
1725 1916 1813 1975 sunt
1831 1904 1903 1980 nisi

389 2010 608 2112 papillarum
630 2012 759 2083 series:
783 2008 854 2082 illae
879 2007 1021 2082 lineolae
1046 2010 1084 2081 in
1108 2009 1220 2081 latera
1244 2024 1574 2109 anastomosantur,
1609 2038 1839 2121 convergunt
1858 2027 1902 2100 in

390 2132 548 2234 plurima
572 2132 630 2205 fila
656 2133 823 2205 crassiora
842 2145 880 2205 et
900 2130 1059 2205 breviter
1078 2144 1276 2204 occurrunt
1298 2144 1471 2232 tanquam
1490 2136 1632 2211 vascula
1649 2138 1817 2241 hepatica
1831 2172 1902 2248 op-

391 2260 480 2329 time
502 2255 702 2330 efformata.
732 2255 778 2327 lli
800 2254 877 2329 lobi
901 2267 1044 2328 tanturn
1066 2254 1105 2325 in
1128 2252 1269 2353 integri
1291 2266 1394 2353 parte
1423 2260 1603 2332 anteriore
1626 2262 1788 2339 intestini
1814 2282 1903 2343 sunt

392 2376 565 2471 risibiles,
586 2379 709 2451 minus
729 2375 824 2451 bene
846 2379 885 2450 in
910 2376 1075 2450 medium
1095 2376 1369 2475 perspiciuntur
1391 2388 1429 2449 et
1454 2378 1500 2451 ad
1522 2395 1663 2481 partem
1689 2386 1903 2465 inferiorem

393 2503 540 2574 omnino
569 2514 804 2575 evanescunt.

443 2624 485 2693 2⁰
511 2622 634 2693 Facies
657 2619 803 2693 dorsalis
824 2632 877 2693 est
902 2619 1082 2719 rugosior,
1110 2630 1147 2690 et
1170 2614 1295 2719 majori
1316 2619 1418 2719 copid
1436 2622 1655 2721 papillarum
1675 2653 1786 2728 quam
1803 2658 1904 2733 prae-

274 2755 281 2770 ‘
395 2744 526 2819 cedens
550 2743 718 2817 obducta.
744 2743 820 2818 lllae
842 2741 986 2843 papillae
1010 2741 1103 2839 (fig.
1128 2741 1149 2813 3
1173 2753 1212 2812 et
1234 2742 1270 2834 4.
1290 2741 1368 2815 tab.
1388 2743 1550 2844 XVI.)
1580 2744 1630 2819 ibi
1652 2775 1736 2824 vera
1757 2754 1902 2829 vascula

394 2867 560 2967 hepatica
586 2866 779 2939 efformant
801 2891 883 2966 quae
904 2874 1213 2936 anastomosautur
1230 2874 1269 2934 et
1291 2862 1515 2964 colliguntur
1536 2868 1575 2939 in
1605 2869 1782 2946 foramina
1807 2873 1903 2951 bene

395 2991 560 3071 distincta
585 2989 787 3064 secundum
810 2989 945 3062 lineam
969 2987 1063 3060 dorsi
1085 2984 1302 3059 medianam.
1328 2984 1374 3057 Hi
1396 2989 1622 3088 progignunt
1645 2994 1782 3091 species
1800 2993 1906 3071 lobo-

394 3141 495 3207 rum,
529 3139 685 3213 quorum
718 3111 792 3187 duo
821 3113 860 3185 in
890 3106 1051 3211 singulos
1080 3112 1243 3184 intestini
1269 3110 1422 3185 annulos
1448 3116 1701 3214 reperiuntur,
1736 3118 1830 3221 (fig.
1863 3122 1902 3217 4.

398 3238 475 3309 tob.
500 3236 600 3309 XV
596 3237 625 3309 I
628 3235 758 3309 -XV
753 3236 804 3309 ΙΙ
809 3290 816 3307 .
832 3235 846 3335 )
868 3234 1021 3334 singulis
1044 3234 1115 3307 illis
1134 3233 1224 3308 lobis
1250 3232 1389 3336 adjacet
1407 3259 1467 3306 vas
1482 3239 1724 3336 sanguineum
1745 3254 1783 3313 et
1806 3266 1904 3345 saepe

398 3358 487 3433 adeo
517 3384 674 3432 crassum
697 3371 807 3456 atque
826 3356 969 3455 largum
994 3371 1037 3430 ut
1055 3358 1141 3430 iude
1165 3370 1238 3429 tota
1261 3356 1372 3428 facies
1391 3357 1605 3431 intestinalis
1627 3359 1842 3437 obducatur.

445 3478 511 3552 llla
537 3478 680 3555 vascula
703 3477 870 3576 liepatiea
893 3478 1155 3551 continuantur
1180 3478 1256 3550 sere
1281 3503 1397 3576 usque
1418 3478 1463 3551 ad
1479 3482 1711 3578 posteriorem
1728 3488 1906 3562 extremi-

397 3616 509 3677 tatem
537 3603 714 3694 intcstini,
739 3599 801 3673 ubi
825 3612 1058 3674 evanescunt.
1088 3599 1249 3671 Omnino
1275 3602 1437 3700 aspectui
1460 3602 1726 3679 subtrahuntur
1744 3605 1814 3701 ibi,
1839 3608 1906 3685 nbi

398 3728 612 3802 intestinum
630 3714 750 3826 ipsum
775 3721 863 3797 adeo
885 3736 998 3797 tenue
1021 3723 1145 3796 evadit
1168 3735 1212 3796 ut
1236 3748 1309 3795 non
1332 3722 1488 3822 amplius
1509 3725 1579 3797 nisi
1599 3726 1760 3802 canalem
1781 3728 1907 3831 pellu-

399 3850 522 3924 cidum
545 3848 729 3939 efformet,
752 3847 993 3920 excrementis
1010 3846 1050 3919 in
1066 3859 1274 3946 aperturam
1292 3846 1352 3917 aui
1373 3845 1618 3946 propellendis
1634 3851 1904 3929 inservientem.

449 3998 504 4069 Es
528 3995 721 4069 observatis
749 3991 982 4068 ulterioribus
998 3992 1225 4067 celeberrimi
1248 3992 1395 4078 Home,
1414 3991 1428 4091 (
1446 3991 1578 4065 Dans.
1595 3992 1703 4066 Phil.
1712 4045 1729 4081 ,
1750 4008 1839 4070 tom.
1856 4000 1905 4089 1,

401 4144 500 4189 rinno
519 4118 656 4216 1823.)
675 4129 774 4216 patet
789 4115 932 4217 singula
953 4117 1014 4190 illa
1031 4116 1194 4210 vascula,
1212 4114 1361 4215 praedita
1375 4138 1468 4207 esse,
1488 4138 1610 4190 versus
1625 4128 1766 4213 partem
1778 4140 1909 4197 earum

402 4242 607 4313 crassiorem
635 4238 771 4312 scilicet
800 4237 845 4312 ad
875 4238 949 4311 lobi
978 4241 1265 4330 extremitatem,
1296 4234 1467 4335 aperturis
1491 4233 1685 4309 admodum
1715 4238 1908 4337 distinctd,

403 4360 538 4437 dircctc
558 4373 782 4461 congruente
796 4386 881 4434 cum
900 4361 1073 4437 interiore
1089 4376 1153 4437 aut
1169 4361 1323 4438 cavitate
1347 4358 1532 4432 Intestini
1553 4359 1594 4429 in
1613 4360 1791 4438 intestino
1807 4388 1830 4437 a
1849 4361 1907 4439 Cd.

411 4484 555 4557 Willis
578 4482 768 4559 otocrvui.
793 4482 875 4558 lluc
899 4510 1016 4585 usque
1038 4484 1117 4559 illas
1138 4497 1325 4585 aperturas
1344 4478 1507 4553 nondum
1527 4482 1706 4579 perspexi.

457 4602 575 4701 llcpar
598 4632 617 4673 o
644 4606 755 4681 latore
778 4608 921 4681 interno
947 4608 1022 4683 sive
1044 4606 1175 4699 latere,
1201 4630 1275 4705 quo
1303 4615 1427 4677 contra
1446 4601 1660 4675 intestinum
1685 4604 1831 4705 proprie
1855 4605 1911 4681 sie
