4244 5850
975 561 1129 660 (27⁴)

305 734 505 819 conspicitur
528 731 732 798 Lunnarcua
755 729 916 816 purtime
939 728 1019 795 tubo
1041 747 1277 815 acceptemus,
1302 736 1348 812 et,
1369 748 1409 794 eo
1426 740 1592 797 momento
1616 733 1797 799 delineatur

304 864 370 933 quc
390 841 598 908 individuum
612 861 679 905 sure
692 840 810 925 speciei
831 838 971 925 inquirit
989 847 1029 902 ut
1045 838 1284 921 copulationem
1305 839 1488 904 innitumu
1510 842 1604 906 Parte
1622 844 1716 907 humi
1741 844 1799 908 iu-

304 953 449 1037 tersecti,
465 954 507 1017 cd
524 950 686 1018 orificium
696 950 768 1016 tubi
781 970 879 1035 quem
895 950 949 1014 lric
966 950 1082 1016 incolit
1096 949 1316 1035 Lunnrcus,
1335 953 1616 1037 conssmndenm
1642 955 1800 1019 indicun-

303 1075 358 1130 tur
375 1063 511 1128 directio
531 1070 565 1127 et
585 1061 741 1126 diameter
760 1059 893 1144 hujusce
911 1057 992 1124 tubi.
1018 1059 1068 1123 ud
1086 1059 1289 1142 superficiem
1312 1068 1421 1143 tenue,
1443 1062 1479 1124 in
1498 1063 1747 1129 mediotalrulae
1762 1073 1796 1130 et

304 1175 346 1238 ud
378 1174 464 1238 lutus
496 1171 683 1252 sinistrum,
720 1168 756 1233 in
786 1178 994 1251 conspectum
1022 1171 1161 1235 ueniunt
1194 1170 1370 1236 Lununrcr
1400 1173 1465 1237 duo
1502 1183 1672 1258 coeuntem
1709 1176 1796 1241 inter

303 1294 477 1370 utrumque
501 1283 713 1348 observantur
733 1300 846 1344 masere
870 1279 988 1345 albidae
1009 1281 1147 1366 liquoris
1171 1281 1398 1367 mucilaginosi
1417 1283 1457 1346 de
1476 1283 1595 1367 quibus
1614 1284 1650 1347 in
1673 1284 1797 1351 disser-

302 1396 425 1461 tatione
447 1393 581 1479 egimus
605 1391 763 1456 Praeterea
782 1391 889 1475 portic
902 1391 1048 1474 corporis
1064 1393 1222 1474 posterior
1240 1392 1339 1456 unius
1353 1394 1458 1457 adhuc
1480 1393 1516 1456 in
1534 1394 1615 1458 tubo
1632 1395 1797 1460 inlraercns

302 1513 565 1590 representatur,
584 1502 642 1587 qui
662 1501 762 1566 tubus
784 1500 963 1566 secundum
982 1501 1223 1587 longitudinem
1241 1514 1334 1566 stram
1351 1512 1482 1585 apertus
1500 1513 1564 1584 est,
1587 1513 1625 1567 ut
1643 1504 1796 1570 animad-

303 1625 426 1682 vertere
444 1615 540 1679 liceat
553 1631 620 1699 quo
637 1611 734 1676 modo
748 1610 917 1675 dilatatam
928 1610 1049 1677 'tenent
1072 1621 1199 1695 purtem
1218 1613 1426 1704 posteriorem
1443 1615 1587 1697 corporis
1602 1613 1793 1700 Lunumcr,

303 1749 379 1793 cum
396 1732 533 1806 coeunt,
562 1743 605 1786 ne
626 1740 725 1794 omne
742 1740 860 1804 corpus
887 1730 978 1806 extra
1001 1720 1119 1786 tubum
1139 1723 1247 1808 jaciat
1271 1723 1322 1787 ud
1344 1732 1469 1806 partem
1493 1724 1794 1809 denique'mediam

304 1838 424 1904 tnbulre
446 1846 480 1900 et
496 1835 531 1898 in
552 1830 779 1897 intersectione
796 1830 908 1914 humi,
932 1831 1136 1897 dextrorsum
1155 1832 1338 1898 delineatur
1361 1836 1473 1915 tribus,
1491 1833 1672 1916 sepimento
1693 1856 1795 1918 pecu-

277 1931 282 1940 ’
302 1948 377 2014 liari
392 1945 479 2036 quod
493 1941 632 2008 hiberno
651 1951 796 2024 tempore
819 1941 981 2006 fabricant
1001 1941 1194 2027 Lounnrcr,
1219 1945 1363 2025 clausus,
1389 1952 1422 2006 et
1438 1943 1475 2006 in
1495 1943 1565 2026 ipso
1579 1943 1672 2026 tubo,
1696 1944 1794 2010 Lura-

304 2075 448 2139 urucus3
470 2054 693 2120 sinistrorsum
715 2072 792 2117 uero
815 2051 887 2116 tubi
910 2053 1023 2119 eodem
1043 2055 1141 2120 modo
1162 2055 1283 2119 occlusi
1301 2054 1464 2137 foramen,
1484 2055 1566 2120 facie
1585 2065 1794 2141 conspectum

302 2179 339 2236 ut
359 2189 433 2255 pars
450 2186 593 2232 convexa
614 2163 789 2248 sepimenti
811 2163 853 2228 ad
871 2165 982 2230 oculos
1002 2172 1260 2248 repraesentetur.

912 2318 1012 2402 uas.⁴
1044 2300 1195 2385 rrum.¹
1262 2318 1265 2328 ’

703 2426 817 2517 (Tru.
853 2428 997 2497 xxvm.
1036 2461 1082 2478 --
1118 2427 1205 2492 llll.
1241 2424 1393 2514 xxxn.)

717 2556 889 2631 annocum
905 2591 910 2603 .
925 2554 1117 2604 urnunrurs
1146 2543 1377 2604 orrrcrnarrn'
1397 2622 1401 2628 Ι

949 2641 1079 2736 Fipurc
1108 2669 1135 2711 r.
1198 2726 1199 2729 Ἴ

346 2761 471 2828 ffirudo
494 2741 778 2846 longitudinaliter
801 2765 914 2825 ventre
933 2766 1044 2841 aperta
1316 2747 1319 2755 ’
1586 2832 1590 2841 ,

345 2873 467 2939 Proeter
484 2871 630 2958 segmina
649 2869 747 2952 cutis,
766 2870 865 2933 latere
879 2867 1092 2933 obsernurmr
1112 2874 1249 2932 stratum
1266 2870 1447 2934 musculare
1465 2871 1693 2955 fortissimum,
1718 2895 1792 2940 vasa

303 2984 486 3070 sanguifera
510 3001 587 3046 cum
612 2978 733 3067 quibus
753 2977 998 3044 communicant
1020 2976 1171 3041 resiculre
1199 2978 1422 3060 respirationis
1445 2982 1551 3047 officio
1581 2983 1793 3068 iungentibus

300 3115 377 3159 cum
403 3090 554 3158 vericulis
576 3088 754 3172 mucipuris
777 3085 965 3152 alternatim
989 3085 1170 3170 dispositae3
1201 3108 1310 3153 versus
1332 3090 1475 3155 medium
1505 3101 1631 3175 partem
1658 3095 1793 3180 compi.

301 3211 445 3269 cuuntur
467 3200 590 3267 canalis
609 3197 834 3265 alimentarius
855 3207 888 3263 et
910 3197 1077 3262 funiculus
1101 3204 1255 3263 nervosus
1277 3219 1353 3264 cum
1377 3201 1518 3287 gangliis
1537 3211 1570 3269 et
1595 3203 1705 3268 nervis
1731 3207 1790 3290 qui

303 3336 440 3381 numero
457 3322 595 3400 quatuor
623 3311 752 3395 perium
773 3309 815 3374 ad
836 3317 1012 3395 utrumque
1035 3310 1121 3373 latus
1143 3329 1182 3373 ex
1205 3295 1273 3373 illis
1295 3319 1481 3375 nuscuntur.
1515 3312 1566 3376 ld
1585 3321 1712 3395 portem
1728 3333 1792 3379 rn-

301 3426 453 3493 teriorem
471 3422 582 3489 oraria
601 3429 635 3485 et
655 3439 814 3506 organum
836 3419 977 3504 genitale
995 3420 1215 3483 masculinum
1237 3420 1387 3486 locantur
1409 3430 1444 3487 et
1460 3420 1675 3488 delineantrrr.

948 3525 995 3592 Fi
1014 3551 1078 3595 ura
1109 3549 1139 3594 2.

346 3623 471 3689 llirudc
494 3621 638 3708 ejusdem
662 3617 779 3702 speciei
801 3616 896 3682 dorso
919 3552 1037 3701 eperia

347 3731 455 3816 Cutis,
479 3738 618 3796 stratum
639 3727 837 3810 musculare,
858 3744 934 3790 vasa
953 3725 1154 3812 anguifera,
1172 3726 1321 3792 vesiculae
1345 3727 1576 3812 respiratoriae,
1599 3729 1791 3814 muciparoe,

302 3843 412 3910 onmia
435 3850 469 3910 et
485 3859 644 3926 organum
665 3837 805 3924 genitale
826 3836 1057 3920 masculinum,
1076 3838 1126 3902 uti
1146 3838 1182 3901 in
1201 3838 1403 3921 precedente
1421 3839 1524 3926 figura
1546 3851 1711 3924 apparent.
1740 3843 1801 3939 Aa?

303 3951 506 4037 superficiem
532 3950 692 4015 dorsalem
718 3945 841 4022 canalis
866 3936 1077 4026 intestinalis,
1098 3945 1286 4013 observatur
1303 3969 1388 4014 unus
1406 3969 1445 4014 ex
1466 3950 1683 4034 peculiaribus
1703 3950 1791 4017 tubis

303 4064 362 4150 qui
386 4061 428 4128 ad
446 4069 573 4146 partem
599 4056 809 4143 posteriorem
832 4055 966 4138 hujusce
988 4055 1103 4141 organi
1123 4056 1320 4124 inseruntur.
1620 4047 1622 4050 ’
1851 4038 1853 4043 ’

945 4160 992 4229 Fi
1011 4189 1074 4231 ura
1109 4164 1139 4232 3.

263 4264 267 4276 '
348 4258 516 4347 Organum
539 4257 678 4345 genitale
706 4252 924 4320 masculinum
950 4188 1131 4341 inyvagiui
1155 4265 1329 4324 retractum
1352 4278 1426 4343 quoe
1455 4260 1652 4326 extrinsecus
1682 4261 1790 4345 uperi-

303 4380 358 4438 tur
374 4372 501 4438 orificio
518 4367 684 4454 peculiari

948 4449 1077 4542 Fipuru
1103 4453 1133 4518 4.

349 4568 504 4637 Orarimn
526 4587 603 4634 curu
624 4573 716 4652 parte
735 4562 913 4631 criductus.

684 4718 789 4786 Finis
809 4713 1114 4786 mummolum
1134 4715 1388 4785 alimmum
