4244 5850
904 565 1059 670 (107)

222 745 417 820 introitum
439 738 697 814 alimentorum
719 735 918 811 faciliorem
943 735 1074 810 reddit.
1103 734 1265 813 Fortasse
1286 734 1448 813 esistunt
1468 739 1542 814 duo
1566 740 1730 820 fasciculi

223 867 415 957 fibrarum,
439 862 555 939 veluti
571 862 611 935 in
631 860 797 935 musculo
814 860 960 960 proprio
977 858 1064 932 labii
1083 858 1294 958 superioris,
1313 872 1351 932 et
1369 861 1408 934 in
1424 861 1494 935 hoc
1511 888 1597 937 casu
1611 880 1738 945 motus.

132 1040 136 1045 -
224 988 390 1067 eamdem
413 982 592 1058 haberent
613 983 803 1083 originem.
837 981 914 1055 Hoc
937 981 1075 1056 labium
1103 1008 1178 1055 non
1201 981 1298 1056 infra
1324 982 1508 1087 rejicitur,
1536 988 1620 1086 quia
1645 988 1731 1063 labii

226 1121 372 1185 tantum
394 1105 588 1207 superioris
610 1102 812 1177 elevatione
833 1129 871 1176 os
891 1103 1066 1204 aperitur.

553 1291 609 1366 6⁰.
647 1293 784 1366 Motus
817 1292 1031 1364 retractoris
1060 1289 1158 1361 labii
1186 1287 1391 1389 irfferioris.

275 1461 450 1535 Constans
466 1456 562 1530 libris
576 1483 707 1557 parum
724 1455 918 1545 distinctis,
937 1453 999 1526 sed
1014 1479 1102 1553 quas
1115 1454 1397 1554 longitudinales
1413 1455 1537 1550 credo,
1556 1435 1617 1532 hic
1628 1486 1731 1537 mus—
1748 1482 1841 1537 uoua
1861 1496 1960 1540 retrac-

224 1579 331 1657 culus
347 1564 457 1653 efficit
477 1590 618 1650 motum
634 1575 843 1650 retrahendi
859 1574 1002 1648 labrum
1019 1601 1143 1650 versus
1164 1589 1304 1675 partem
1321 1580 1553 1676 posteriorem
1571 1584 1733 1657 caritatis
1749 1552 1900 1677 issssissssffbh
1918 1557 1960 1610 tu-

225 1688 343 1779 oralis.
364 1700 433 1776 Hic
455 1713 574 1773 motus
597 1699 707 1772 etiam
725 1697 871 1772 videtur
891 1696 984 1770 effici
1007 1698 1052 1770 ad
1072 1726 1235 1772 normam
1258 1687 1370 1776 vectis
1393 1703 1489 1775 tertii
1514 1708 1672 1804 generis,
1695 1721 1732 1781 et

224 1851 269 1902 eo
292 1821 475 1926 majorivi
497 1834 620 1921 ageret
640 1846 713 1919 quo
733 1821 847 1921 magis
869 1817 947 1922 ejus
970 1820 1068 1894 fibrae
1090 1821 1403 1895 contraherentur.

273 1945 364 2050 Ejus
388 1945 481 2016 actio
503 1967 596 2041 saepe
624 1942 751 2015 eodem
774 1955 937 2041 tempore
965 1942 1086 2042 prodit
1112 1968 1185 2042 quo
1211 1942 1357 2016 labrum
1386 1946 1554 2043 superius
1581 1973 1733 2048 progre-

225 2067 359 2146 diendo
380 2066 503 2140 denuo
532 2061 716 2156 ascendit,
744 2077 787 2138 ut
813 2063 1078 2162 quodammodo
1101 2064 1198 2137 via'm
1224 2063 1383 2162 praebeat
1409 2065 1591 2140 alimentis
1617 2094 1733 2171 eaque

225 2187 358 2266 deinde
379 2189 419 2260 in
436 2212 474 2258 os
492 2183 710 2258 introducat.
736 2183 825 2257 Haec
841 2183 1062 2257 introductio
1084 2184 1239 2258 efficitur
1256 2209 1421 2284 regressu
1439 2188 1630 2287 utriusque
1647 2189 1734 2265 labii

225 2325 265 2388 et
282 2306 685 2413 praesertiminferioris
701 2307 740 2378 in
762 2331 799 2379 se
819 2307 952 2405 ipsum.
977 2305 1056 2378 Tali
1079 2305 1187 2380 modo
1205 2320 1381 2408 premunt
1395 2320 1500 2382 terrae
1517 2311 1733 2411 aggerulum

224 2434 420 2535 ipsumque
439 2429 479 2500 in
501 2429 692 2502 cavitatem
719 2427 852 2500 oralem
876 2452 1020 2527 serpere
1046 2443 1193 2530 cogunt.

278 2553 395 2651 Supra
408 2548 578 2650 descripsi
589 2547 875 2623 mechanismum
891 2549 1138 2649 prehensionis
1162 2551 1417 2627 alimentorum
1434 2566 1471 2626 et
1483 2554 1736 2656 perforationis

226 2673 463 2751 foraminum.
879 2692 882 2696 ’

860 2885 1100 2960 Observatio.

275 3052 430 3129 Nullum
454 3040 607 3125 dubium
628 3050 766 3126 moveri
784 3061 902 3148 potest
925 3053 1014 3149 quin
1037 3049 1227 3124 cerebrum
1252 3053 1445 3124 maximam
1469 3066 1636 3126 exerceat
1658 3054 1733 3130 rim
1751 3062 1803 3120 vis
1817 3082 1901 3139 quam
1920 3091 1962 3127 a.

226 3179 267 3252 in
290 3190 410 3251 motus
436 3173 686 3248 musculorum
709 3173 856 3271 capitis3
886 3172 948 3245 sed
976 3199 1050 3246 non
1078 3172 1175 3246 idem
1203 3185 1257 3245 est
1285 3170 1479 3246 dicendum
1508 3173 1627 3273 quoad
1658 3174 1734 3252 rim
1750 3135 1962 3264 iibiiaiciiiii

228 3324 339 3401 quam
361 3308 533 3371 exercent
555 3296 658 3370 nervi
679 3296 743 3393 qui
766 3294 942 3393 originem
965 3322 1067 3369 suam
1090 3294 1232 3370 ducunt
1246 3297 1321 3370 sive
1339 3320 1385 3367 ex
1401 3294 1547 3368 cerebro
1564 3295 1641 3397 ipso
1658 3299 1735 3374 sive
1751 3271 1927 3332 ¹¹¹⁰⁸¹¹¹⁰‘¹¹⁸·

227 3444 274 3495 ex
307 3418 475 3493 funiculo
503 3416 718 3517 oesophageo
751 3440 914 3491 nervoso.
962 3417 1093 3492 Nonne
1124 3418 1165 3490 hi
1197 3417 1300 3492 nervi
1330 3416 1558 3490 functionem
1586 3418 1735 3494 fortasse

226 3539 364 3616 habent
390 3553 434 3614 ut
461 3540 598 3614 Gustus
621 3541 860 3613 sensationem
884 3553 1138 3639 promoveant,
1169 3541 1341 3640 quoniam
1370 3539 1542 3612 desinunt
1567 3541 1606 3613 in
1633 3540 1736 3616 labiis

227 3676 266 3739 et
289 3663 360 3736 oris
384 3660 601 3760 parietibus,
624 3672 706 3752 aut,
728 3685 850 3733 nonne
871 3660 992 3735 locum
1020 3660 1184 3762 praebent
1203 3661 1360 3736 motibus
1382 3664 1484 3761 quasi
1507 3662 1735 3758 uoluntariis,

228 3784 330 3858 silas
348 3795 401 3857 est
420 3782 537 3874 dictu,
561 3781 606 3853 ab
626 3780 753 3853 iisdem
772 3780 843 3852 illis
864 3780 1026 3879 partibus
1048 3783 1212 3857 effectis?
1236 3782 1313 3867 Hoc
1338 3781 1491 3858 dubium
1513 3784 1639 3858 tollere
1660 3811 1737 3859 non

229 3904 332 3985 valeo
353 3905 527 4004 quoniam
549 3902 641 3974 mihi
663 3928 736 3973 non
752 3901 859 3975 licuit
880 3904 990 3975 unius
1014 3903 1072 3977 vel
1093 3904 1251 3979 duorum
1274 3906 1417 4005 parium
1438 3904 1585 3980 illorum
1600 3930 1736 3984 nervo-

228 4050 334 4125 rum,
351 4037 519 4126 respectu
535 4049 661 4097 eorum
680 4023 912 4123 exiguitatis(
934 4041 981 4125 ‘ss
998 4027 1196 4128 millimetri
1210 4028 1284 4101 sive
1295 4027 1404 4099 etiam
1416 4026 1732 4126 minores)secare.
1792 4066 1794 4071 ·

229 4144 331 4222 Hanc
345 4147 540 4220 sectionem
558 4145 634 4216 sine
654 4134 799 4219 laesione
815 4148 1065 4223 musculorum
1085 4148 1226 4220 efficere
1248 4173 1322 4219 non
1338 4147 1550 4247 potuissem,
1580 4159 1733 4246 tumque

231 4268 350 4341 omnia
374 4268 622 4366 experimenta
646 4265 800 4339 fuissent
822 4271 1050 4345 certitudinis
1076 4269 1316 4344 fundamento
1339 4268 1523 4342 destituta.

612 4464 748 4537 Motus
772 4468 964 4559 partiales
993 4469 1246 4539 musculorum
1275 4467 1354 4538 ani.

281 4627 440 4704 Musculi
457 4627 522 4702 soli
544 4630 614 4701 oris
637 4642 675 4702 et
695 4631 755 4702 ani
779 4630 935 4729 quodam
958 4631 1143 4730 peculiare
1165 4645 1267 4705 motu
1294 4630 1515 4730 funguntur:
1541 4629 1737 4704 nonenim

233 4749 397 4854 papillae,
420 4749 571 4844 clitella,
594 4764 659 4824 aut
677 4751 894 4852 appendices
912 4753 1048 4829 habent
1070 4752 1270 4855 peculiares
1293 4764 1424 4825 motus.
