4244 5850
1075 484 1231 584 (146)

407 653 655 754 mbrepereet
668 655 720 724 sic
730 651 865 750 abripi,
882 677 967 723 cuna
985 649 1123 750 liquido
1138 677 1284 725 mucoso
1299 649 1396 750 quod
1411 650 1527 725 effluit
1540 653 1579 724 iu
1592 649 1660 727 hta
1674 656 1899 752 operatione,

407 800 524 876 usque
541 776 636 847 inter
652 772 727 846 duo
740 772 1023 872 diaphragmata.
1044 773 1170 863 Quum
1185 774 1223 845 in
1241 772 1450 846 dissectione
1466 787 1633 848 secantur
1650 776 1898 856 mntuum'ade

406 894 582 984 musculi,
605 893 812 967 membranai
834 893 974 991 integri
994 908 1202 966 remanente
1220 894 1337 992 (quod
1356 895 1511 967 maximi
1527 894 1739 971 dexteritate
1759 910 1798 975 et
1811 896 1901 977 dili-

406 1015 528 1114 geotiai
550 1016 626 1087 fieri
646 1014 798 1111 debet),
827 1014 904 1086 haec
926 1014 1106 1110 reperitur
1130 1026 1299 1110 tanquam
1321 1012 1484 1086 sacculus
1503 1014 1760 1108 translucidus,
1779 1018 1899 1091 conti-

405 1157 497 1205 nens
524 1135 682 1223 viscera3
713 1146 873 1230 tuncque
907 1158 1041 1204 nervus
1067 1157 1277 1223 recurrens,
1311 1133 1453 1207 vascula
1488 1138 1682 1234 sanguinea
1717 1142 1897 1238 propriam

406 1267 618 1327 conservant
650 1255 881 1351 positionem3
911 1265 1029 1325 motus
1050 1277 1267 1351 organorum
1289 1252 1499 1328 nullomodo
1531 1255 1698 1330 turbatur
1731 1269 1770 1331 ot
1797 1255 1899 1337 tollii

405 1373 579 1448 facilitate
600 1373 765 1446 eflicitur.

455 1493 733 1593 Diaphragmata
762 1490 936 1566 exhibent
954 1492 1135 1591 quoddam
1159 1492 1349 1568 discrimen
1373 1508 1539 1594 respectu
1555 1521 1679 1571 eornm
1701 1497 1895 1597 positionis.

404 1616 503 1691 loiri
529 1615 851 1706 tenementum,
877 1616 1013 1688 scilicet
1033 1641 1156 1688 versus
1176 1630 1304 1720 caput,
1333 1619 1602 1691 communicant
1623 1644 1696 1693 non
1724 1643 1808 1696 cum
1835 1618 1898 1697 ia-
1997 1602 2002 1609 Ι

406 1740 617 1813 tersectione
641 1739 720 1810 telae
742 1736 922 1810 cellularis
948 1737 1085 1826 densae,
1111 1735 1173 1807 sed
1201 1762 1285 1808 cum
1309 1736 1426 1808 medii
1456 1751 1558 1832 parte
1585 1737 1711 1811 annuli
1737 1750 1776 1811 et
1798 1761 1899 1813 teue-

406 1859 573 1933 culorum
597 1885 641 1931 ex
663 1859 795 1957 quibus
817 1860 1062 1957 componitur,
1090 1856 1103 1952 (
1103 1855 1181 1953 sig.
1202 1856 1238 1928 3.
1263 1856 1341 1928 tab.
1370 1856 1542 1928 XVIII
1548 1857 1671 1928 -XX
1676 1859 1701 1952 )
1727 1857 1899 1936 Eoontra

405 1980 499 2052 inira
528 1978 631 2054 illum
664 1979 866 2071 annulum,
904 1980 1114 2050 inseruntur
1145 1976 1296 2075 singulis
1322 1975 1633 2053 intersectionibus
1666 1975 1895 2055 annulorum.

404 2100 483 2175 Tati
507 2100 632 2189 modo,
655 2101 830 2198 inpriore
855 2125 940 2177 casu
963 2097 1230 2196 diaphragmata
1257 2095 1437 2169 alternant
1456 2123 1539 2169 cnm
1562 2095 1698 2170 circulo
1715 2095 1795 2169 telae
1821 2092 1898 2169 cel·

403 2220 529 2295 lularis
554 2220 674 2295 derrsoe
704 2221 802 2295 etin
828 2220 1021 2319 posteriore
1049 2218 1167 2291 eidem
1190 2230 1275 2289 sunt
1297 2219 1468 2316 opposita.
1501 2217 1676 2306 Quisnam
1703 2217 1749 2289 eit
1772 2238 1900 2314 anomia

403 2340 533 2417 ltnrutn
553 2338 774 2413 diversarum
799 2341 1038 2439 positionum,
1056 2341 1188 2412 nescio.
1213 2337 1485 2411 Observandum
1503 2351 1622 2410 tamen
1645 2351 1698 2410 est
1712 2356 1903 2415 occurrere

404 2488 535 2561 organa
562 2464 820 2561 generationis,
839 2465 1023 2561 praecipua
1045 2486 1178 2559 organa
1195 2458 1454 2550 circulationis,
1477 2472 1545 2532 etc.
1568 2463 1606 2532 in
1624 2458 1684 2531 illa
1703 2471 1819 2556 parte,
1835 2453 1898 2533 ulti

404 2581 673 2682 diapirrngrnato
691 2584 786 2656 iuter
804 2606 841 2655 se
862 2584 975 2680 magis
992 2583 1144 2672 distant,
1162 2580 1225 2653 uhi
1244 2605 1370 2652 eorum
1386 2581 1534 2653 insertio
1549 2578 1687 2654 diversa
1704 2591 1757 2653 est
1773 2576 1819 2653 ab
1838 2576 1900 2653 illi

404 2726 513 2803 quarn
538 2701 673 2778 liabent
689 2703 729 2775 in
752 2715 822 2777 tota
845 2701 1072 2803 longitndine
1097 2702 1292 2800 posteriore
1318 2701 1487 2798 corporis.

878 2975 1066 3050 CAPUT
1114 2972 1432 3048 SECUNDUM.

975 3198 1023 3244 Μ
1064 3194 1340 3243 duramnus.

455 3386 582 3481 anm
612 3387 753 3487 egimus
780 3384 825 3462 de
856 3386 1067 3488 plrarynge,
1097 3385 1307 3491 orsopirago,
1339 3384 1488 3459 diversis
1512 3385 1653 3482 organis
1680 3381 1811 3489 quibua
1840 3383 1904 3473 hic

407 3494 567 3601 nonunt,
604 3505 790 3607 ingluvie,
830 3521 899 3581 etc.
940 3504 1011 3610 jam
1041 3505 1205 3607 quedam
1237 3508 1275 3578 in
1308 3505 1470 3580 medium
1510 3504 1748 3605 protulimus,
1782 3502 1902 3605 quoad

407 3628 514 3703 naum
545 3641 582 3701 et
607 3628 813 3703 functiones
838 3626 969 3702 harum
996 3626 1219 3701 diversarum
1247 3627 1418 3725 partium.
1450 3624 1558 3717 Quod
1591 3649 1675 3699 vero
1696 3623 1741 3699 ad
1766 3637 1903 3700 stoma·

408 3748 518 3825 cirum
552 3761 589 3821 et
616 3748 828 3825 intestinum
855 3761 1015 3849 spectat,
1043 3774 1151 3823 nemo
1172 3761 1245 3830 est,
1274 3750 1313 3822 ni
1342 3747 1466 3839 fallor,
1490 3741 1555 3847 qni
1583 3744 1719 3846 aliquid
1749 3744 1904 3821 dubium

407 3880 551 3940 moreat
570 3866 614 3940 tle
633 3894 785 3943 munere
808 3870 942 3969 quoin
965 3870 1166 3945 nutritione
1188 3868 1408 3967 iunguntur.
1434 3866 1504 3940 Sed
1525 3864 1730 3970 typblosolis
1746 3877 1783 3937 et
1798 3863 1904 3943 chlo-

408 4011 584 4086 ragogena
607 4000 693 4060 sunt
716 4012 847 4087 organa
871 3987 917 4062 de
943 3988 1076 4092 qnilnts
1095 3984 1215 4063 adime
1236 3986 1375 4089 aliquid
1395 3985 1589 4060 dicendum
1612 3985 1717 4057 foret.
1745 3983 1925 4067 Fortasse.

409 4104 539 4205 aliquia
571 4103 714 4207 objiciet
740 4112 927 4209 aequentia
951 4108 1134 4183 olnerrate
1164 4132 1264 4187 mere
1289 4130 1365 4181 esse
1395 4104 1599 4195 arbitraria3
1627 4102 1696 4175 hoc
1722 4103 1903 4197 fatemur,

409 4237 445 4294 et
463 4225 492 4294 si
515 4237 661 4325 propter
683 4250 900 4325 organorum
925 4231 1179 4329 exiguitatem,
1204 4227 1368 4331 quedam
1391 4227 1638 4329 experimenta
1658 4223 1808 4298 fundata
1828 4236 1904 4299 sta-

408 4341 514 4417 bilire
545 4370 617 4417 non
640 4370 846 4445 possumne,
875 4348 977 4425 nobis
1001 4350 1093 4425 nihil
1117 4352 1298 4453 reliquum
1320 4359 1501 4434 remanet,
1524 4345 1594 4417 nisi
1618 4356 1662 4417 ut
1686 4368 1731 4416 ex
1753 4342 1905 4443 diapmi-

409 4462 509 4533 tione
534 4488 769 4563 organorum,
792 4465 838 4539 de
861 4467 993 4566 quilius
1018 4469 1078 4547 iiie
1110 4474 1253 4573 egitur,
1284 4468 1526 4574 dijudicemus
1551 4464 1762 4539 relationem
1792 4488 1902 4564 quam
1937 4544 1941 4550 ,

411 4578 1065 4665 habentcumaliiscircumdautibua:
1088 4590 1126 4665 id
1144 4605 1215 4687 eet,
1234 4593 1274 4667 in
1294 4591 1365 4666 hoe
1382 4585 1559 4692 peculim
1573 4583 1903 4678 cumulationem
1932 4659 1939 4671 .
