<?xml version="1.0" encoding="UTF-8"?>
<!DOCTYPE html PUBLIC "-//W3C//DTD XHTML 1.0 Transitional//EN"
    "http://www.w3.org/TR/xhtml1/DTD/xhtml1-transitional.dtd">
<html xmlns="http://www.w3.org/1999/xhtml" xml:lang="en" lang="en">
 <head>
  <title>
</title>
<meta http-equiv="Content-Type" content="text/html;charset=utf-8" />
  <meta name='ocr-system' content='tesseract 3.04.00' />
  <meta name='ocr-capabilities' content='ocr_page ocr_carea ocr_par ocr_line ocrx_word'/>
</head>
<body>
  <div class='ocr_page' id='page_1' title='image "./delumbriciterre00morrgoog_0081.png"; bbox 0 0 4244 5850; ppageno 0'>
   <div class='ocr_carea' id='block_1_1' title="bbox 918 511 1047 613">
    <p class='ocr_par' dir='ltr' id='par_1_1' title="bbox 918 511 1047 613">
     <span class='ocr_line' id='line_1_1' title="bbox 918 511 1047 613; baseline -0.008 0"><span class='ocrx_word' id='word_1_1' title='bbox 918 511 1047 613; x_wconf 84' lang='lat'>(⁵7)</span> 
     </span>
    </p>
   </div>
   <div class='ocr_carea' id='block_1_2' title="bbox 226 655 1850 1513">
    <p class='ocr_par' dir='ltr' id='par_1_2' title="bbox 226 655 1850 1513">
     <span class='ocr_line' id='line_1_2' title="bbox 228 655 1850 790; baseline -0.002 -29"><span class='ocrx_word' id='word_1_2' title='bbox 228 655 411 790; x_wconf 83' lang='lat' dir='ltr'>plerisque</span> <span class='ocrx_word' id='word_1_3' title='bbox 432 682 622 784; x_wconf 80' lang='lat' dir='ltr'>speciebus</span> <span class='ocrx_word' id='word_1_4' title='bbox 638 679 903 783; x_wconf 84' lang='lat' dir='ltr'>generibusque</span> <span class='ocrx_word' id='word_1_5' title='bbox 921 676 1164 773; x_wconf 82' lang='lat' dir='ltr'>Annelidum,</span> <span class='ocrx_word' id='word_1_6' title='bbox 1187 679 1279 755; x_wconf 90' lang='lat' dir='ltr'>datis</span> <span class='ocrx_word' id='word_1_7' title='bbox 1299 706 1424 756; x_wconf 91' lang='lat' dir='ltr'>eorum</span> <span class='ocrx_word' id='word_1_8' title='bbox 1441 682 1579 758; x_wconf 82' lang='lat' dir='ltr'>idoneis</span> <span class='ocrx_word' id='word_1_9' title='bbox 1601 685 1732 761; x_wconf 87' lang='lat' dir='ltr'>defini-</span> <span class='ocrx_word' id='word_1_10' title='bbox 1848 662 1850 666; x_wconf 24' lang='lat'><strong><em>¹</em></strong></span> 
     </span>
     <span class='ocr_line' id='line_1_3' title="bbox 228 800 1733 906; baseline -0.001 -22"><span class='ocrx_word' id='word_1_11' title='bbox 228 808 407 901; x_wconf 73' lang='lat' dir='ltr'>tionibus,</span> <span class='ocrx_word' id='word_1_12' title='bbox 430 808 644 906; x_wconf 88' lang='lat' dir='ltr'>cunctisque</span> <span class='ocrx_word' id='word_1_13' title='bbox 665 801 921 881; x_wconf 73' lang='lat' dir='ltr'>variationibus</span> <span class='ocrx_word' id='word_1_14' title='bbox 948 800 1289 902; x_wconf 88' lang='lat' dir='ltr'>gradationibusque</span> <span class='ocrx_word' id='word_1_15' title='bbox 1316 803 1511 903; x_wconf 72' lang='lat' dir='ltr'>explicitis,</span> <span class='ocrx_word' id='word_1_16' title='bbox 1536 819 1733 884; x_wconf 82' lang='lat' dir='ltr'>trescasas</span> 
     </span>
     <span class='ocr_line' id='line_1_4' title="bbox 227 910 1730 1028; baseline -0.001 -21"><span class='ocrx_word' id='word_1_17' title='bbox 227 930 444 1023; x_wconf 76' lang='lat' dir='ltr'>mnsiderat,</span> <span class='ocrx_word' id='word_1_18' title='bbox 472 929 538 1028; x_wconf 93' lang='lat' dir='ltr'>qui</span> <span class='ocrx_word' id='word_1_19' title='bbox 563 953 664 1002; x_wconf 89' lang='lat' dir='ltr'>casus</span> <span class='ocrx_word' id='word_1_20' title='bbox 684 925 866 1018; x_wconf 73' lang='lat' dir='ltr'>absentib,</span> <span class='ocrx_word' id='word_1_21' title='bbox 896 925 1113 1025; x_wconf 72' lang='lat' dir='ltr'>praesentiit,</span> <span class='ocrx_word' id='word_1_22' title='bbox 1141 910 1200 998; x_wconf 92' lang='lat' dir='ltr'>vel</span> <span class='ocrx_word' id='word_1_23' title='bbox 1223 926 1486 1000; x_wconf 85' lang='lat' dir='ltr'>modificatione</span> <span class='ocrx_word' id='word_1_24' title='bbox 1513 953 1730 1027; x_wconf 80' lang='lat' dir='ltr'>organorum</span> 
     </span>
     <span class='ocr_line' id='line_1_5' title="bbox 227 1045 1729 1148; baseline -0.003 -19"><span class='ocrx_word' id='word_1_25' title='bbox 227 1053 427 1129; x_wconf 85' lang='lat' dir='ltr'>loeomotus</span> <span class='ocrx_word' id='word_1_26' title='bbox 448 1050 749 1131; x_wconf 84' lang='lat' dir='ltr'>determinantur.</span> <span class='ocrx_word' id='word_1_27' title='bbox 780 1048 919 1148; x_wconf 90' lang='lat' dir='ltr'>Corpus</span> <span class='ocrx_word' id='word_1_28' title='bbox 940 1046 1163 1130; x_wconf 86' lang='lat' dir='ltr'>Annelidum</span> <span class='ocrx_word' id='word_1_29' title='bbox 1188 1072 1289 1118; x_wconf 91' lang='lat' dir='ltr'>nuuc</span> <span class='ocrx_word' id='word_1_30' title='bbox 1318 1049 1401 1119; x_wconf 90' lang='lat' dir='ltr'>setis</span> <span class='ocrx_word' id='word_1_31' title='bbox 1430 1045 1629 1122; x_wconf 89' lang='lat' dir='ltr'>obductum</span> <span class='ocrx_word' id='word_1_32' title='bbox 1653 1066 1729 1145; x_wconf 89' lang='lat' dir='ltr'>est,</span> 
     </span>
     <span class='ocr_line' id='line_1_6' title="bbox 226 1168 1728 1269; baseline -0.001 -20"><span class='ocrx_word' id='word_1_33' title='bbox 226 1201 329 1250; x_wconf 90' lang='lat' dir='ltr'>nunc</span> <span class='ocrx_word' id='word_1_34' title='bbox 352 1199 438 1248; x_wconf 92' lang='lat' dir='ltr'>vero</span> <span class='ocrx_word' id='word_1_35' title='bbox 470 1172 614 1246; x_wconf 90' lang='lat' dir='ltr'>nudum</span> <span class='ocrx_word' id='word_1_36' title='bbox 646 1183 684 1244; x_wconf 91' lang='lat' dir='ltr'>et</span> <span class='ocrx_word' id='word_1_37' title='bbox 716 1171 816 1243; x_wconf 91' lang='lat' dir='ltr'>omni</span> <span class='ocrx_word' id='word_1_38' title='bbox 853 1185 1012 1243; x_wconf 89' lang='lat' dir='ltr'>setarum</span> <span class='ocrx_word' id='word_1_39' title='bbox 1045 1170 1164 1268; x_wconf 90' lang='lat' dir='ltr'>specie</span> <span class='ocrx_word' id='word_1_40' title='bbox 1193 1168 1433 1261; x_wconf 82' lang='lat' dir='ltr'>destitutum3</span> <span class='ocrx_word' id='word_1_41' title='bbox 1469 1175 1663 1269; x_wconf 87' lang='lat' dir='ltr'>posteriore</span> <span class='ocrx_word' id='word_1_42' title='bbox 1689 1177 1728 1247; x_wconf 94' lang='lat' dir='ltr'>in</span> 
     </span>
     <span class='ocr_line' id='line_1_7' title="bbox 227 1288 1730 1394; baseline -0.003 -22"><span class='ocrx_word' id='word_1_43' title='bbox 227 1323 313 1373; x_wconf 85' lang='lat' dir='ltr'>casu</span> <span class='ocrx_word' id='word_1_44' title='bbox 336 1293 498 1369; x_wconf 86' lang='lat' dir='ltr'>accidere</span> <span class='ocrx_word' id='word_1_45' title='bbox 521 1306 638 1394; x_wconf 90' lang='lat' dir='ltr'>potest</span> <span class='ocrx_word' id='word_1_46' title='bbox 660 1305 702 1366; x_wconf 89' lang='lat' dir='ltr'>ut</span> <span class='ocrx_word' id='word_1_47' title='bbox 724 1305 808 1365; x_wconf 85' lang='lat' dir='ltr'>setae</span> <span class='ocrx_word' id='word_1_48' title='bbox 831 1291 890 1367; x_wconf 91' lang='lat' dir='ltr'>vel</span> <span class='ocrx_word' id='word_1_49' title='bbox 910 1290 1108 1364; x_wconf 90' lang='lat' dir='ltr'>locomotus</span> <span class='ocrx_word' id='word_1_50' title='bbox 1127 1316 1259 1390; x_wconf 87' lang='lat' dir='ltr'>organa</span> <span class='ocrx_word' id='word_1_51' title='bbox 1284 1288 1418 1389; x_wconf 90' lang='lat' dir='ltr'>absque</span> <span class='ocrx_word' id='word_1_52' title='bbox 1441 1293 1608 1366; x_wconf 83' lang='lat' dir='ltr'>mamillis</span> <span class='ocrx_word' id='word_1_53' title='bbox 1632 1296 1730 1368; x_wconf 76' lang='lat' dir='ltr'>exis-</span> 
     </span>
     <span class='ocr_line' id='line_1_8' title="bbox 226 1410 1729 1513; baseline -0.003 -21"><span class='ocrx_word' id='word_1_54' title='bbox 226 1430 325 1510; x_wconf 83' lang='lat' dir='ltr'>tant3</span> <span class='ocrx_word' id='word_1_55' title='bbox 349 1415 408 1492; x_wconf 90' lang='lat' dir='ltr'>vel</span> <span class='ocrx_word' id='word_1_56' title='bbox 424 1416 532 1489; x_wconf 91' lang='lat' dir='ltr'>etiam</span> <span class='ocrx_word' id='word_1_57' title='bbox 551 1416 628 1487; x_wconf 90' lang='lat' dir='ltr'>[ieri</span> <span class='ocrx_word' id='word_1_58' title='bbox 649 1427 765 1513; x_wconf 89' lang='lat' dir='ltr'>potest</span> <span class='ocrx_word' id='word_1_59' title='bbox 787 1427 830 1486; x_wconf 91' lang='lat' dir='ltr'>ut</span> <span class='ocrx_word' id='word_1_60' title='bbox 851 1412 922 1486; x_wconf 86' lang='lat' dir='ltr'>illae</span> <span class='ocrx_word' id='word_1_61' title='bbox 940 1426 1027 1486; x_wconf 88' lang='lat' dir='ltr'>setae</span> <span class='ocrx_word' id='word_1_62' title='bbox 1045 1410 1211 1484; x_wconf 89' lang='lat' dir='ltr'>mamillis</span> <span class='ocrx_word' id='word_1_63' title='bbox 1235 1412 1487 1509; x_wconf 88' lang='lat' dir='ltr'>imponantur,</span> <span class='ocrx_word' id='word_1_64' title='bbox 1511 1427 1554 1486; x_wconf 88' lang='lat' dir='ltr'>ut</span> <span class='ocrx_word' id='word_1_65' title='bbox 1572 1415 1622 1486; x_wconf 91' lang='lat' dir='ltr'>sie</span> <span class='ocrx_word' id='word_1_66' title='bbox 1645 1441 1729 1489; x_wconf 85' lang='lat' dir='ltr'>ma-</span> 
     </span>
    </p>
   </div>
   <div class='ocr_carea' id='block_1_3' title="bbox 225 1537 750 1644">
    <p class='ocr_par' dir='ltr' id='par_1_3' title="bbox 225 1537 750 1644">
     <span class='ocr_line' id='line_1_9' title="bbox 225 1537 750 1644; baseline -0.011 -30"><span class='ocrx_word' id='word_1_67' title='bbox 225 1543 356 1644; x_wconf 66' lang='lat' dir='ltr'>millas</span> <span class='ocrx_word' id='word_1_68' title='bbox 379 1537 555 1638; x_wconf 81' lang='lat' dir='ltr'>setiferas</span> <span class='ocrx_word' id='word_1_69' title='bbox 579 1538 750 1609; x_wconf 79' lang='lat' dir='ltr'>forment.</span> 
     </span>
    </p>
   </div>
   <div class='ocr_carea' id='block_1_4' title="bbox 224 1677 1730 2632">
    <p class='ocr_par' dir='ltr' id='par_1_4' title="bbox 224 1677 1730 2632">
     <span class='ocr_line' id='line_1_10' title="bbox 273 1677 1729 1785; baseline -0.003 -26"><span class='ocrx_word' id='word_1_70' title='bbox 273 1685 340 1759; x_wconf 82' lang='lat' dir='ltr'>Has</span> <span class='ocrx_word' id='word_1_71' title='bbox 365 1683 513 1785; x_wconf 89' lang='lat' dir='ltr'>quidem</span> <span class='ocrx_word' id='word_1_72' title='bbox 541 1695 625 1755; x_wconf 87' lang='lat' dir='ltr'>setae</span> <span class='ocrx_word' id='word_1_73' title='bbox 653 1706 726 1752; x_wconf 92' lang='lat' dir='ltr'>non</span> <span class='ocrx_word' id='word_1_74' title='bbox 757 1704 880 1753; x_wconf 91' lang='lat' dir='ltr'>ornnes</span> <span class='ocrx_word' id='word_1_75' title='bbox 909 1677 1106 1751; x_wconf 88' lang='lat' dir='ltr'>retractiles</span> <span class='ocrx_word' id='word_1_76' title='bbox 1130 1689 1237 1766; x_wconf 91' lang='lat' dir='ltr'>sunt;</span> <span class='ocrx_word' id='word_1_77' title='bbox 1267 1699 1349 1771; x_wconf 86' lang='lat' dir='ltr'>quae</span> <span class='ocrx_word' id='word_1_78' title='bbox 1375 1700 1462 1753; x_wconf 91' lang='lat' dir='ltr'>vero</span> <span class='ocrx_word' id='word_1_79' title='bbox 1483 1678 1558 1748; x_wconf 87' lang='lat' dir='ltr'>basi</span> <span class='ocrx_word' id='word_1_80' title='bbox 1580 1679 1644 1753; x_wconf 72' lang='lat' dir='ltr'>sud</span> <span class='ocrx_word' id='word_1_81' title='bbox 1670 1679 1729 1756; x_wconf 87' lang='lat' dir='ltr'>vel</span> 
     </span>
     <span class='ocr_line' id='line_1_11' title="bbox 224 1797 1728 1906; baseline -0.003 -24"><span class='ocrx_word' id='word_1_82' title='bbox 224 1806 388 1906; x_wconf 83' lang='lat' dir='ltr'>margine</span> <span class='ocrx_word' id='word_1_83' title='bbox 409 1803 594 1903; x_wconf 86' lang='lat' dir='ltr'>superiore</span> <span class='ocrx_word' id='word_1_84' title='bbox 616 1801 812 1899; x_wconf 87' lang='lat' dir='ltr'>affiguntur</span> <span class='ocrx_word' id='word_1_85' title='bbox 835 1798 1006 1872; x_wconf 89' lang='lat' dir='ltr'>musculis</span> <span class='ocrx_word' id='word_1_86' title='bbox 1027 1799 1116 1871; x_wconf 90' lang='lat' dir='ltr'>huic</span> <span class='ocrx_word' id='word_1_87' title='bbox 1134 1798 1249 1870; x_wconf 88' lang='lat' dir='ltr'>motui</span> <span class='ocrx_word' id='word_1_88' title='bbox 1271 1797 1426 1887; x_wconf 90' lang='lat' dir='ltr'>idoneis,</span> <span class='ocrx_word' id='word_1_89' title='bbox 1447 1824 1571 1871; x_wconf 87' lang='lat' dir='ltr'>omnes</span> <span class='ocrx_word' id='word_1_90' title='bbox 1592 1815 1728 1878; x_wconf 89' lang='lat' dir='ltr'>retrac-</span> 
     </span>
     <span class='ocr_line' id='line_1_12' title="bbox 224 1900 1728 2022; baseline -0.001 -21"><span class='ocrx_word' id='word_1_91' title='bbox 224 1926 303 2001; x_wconf 87' lang='lat' dir='ltr'>tiles</span> <span class='ocrx_word' id='word_1_92' title='bbox 325 1938 434 2017; x_wconf 88' lang='lat' dir='ltr'>sunt,</span> <span class='ocrx_word' id='word_1_93' title='bbox 463 1923 671 2022; x_wconf 87' lang='lat' dir='ltr'>etquidem</span> <span class='ocrx_word' id='word_1_94' title='bbox 696 1922 826 1993; x_wconf 89' lang='lat' dir='ltr'>inboc</span> <span class='ocrx_word' id='word_1_95' title='bbox 852 1947 936 1994; x_wconf 92' lang='lat' dir='ltr'>casu</span> <span class='ocrx_word' id='word_1_96' title='bbox 967 1920 1135 1993; x_wconf 74' lang='lat' dir='ltr'>mamillae</span> <span class='ocrx_word' id='word_1_97' title='bbox 1162 1945 1351 2019; x_wconf 86' lang='lat' dir='ltr'>nunquam</span> <span class='ocrx_word' id='word_1_98' title='bbox 1381 1920 1650 2016; x_wconf 87' lang='lat' dir='ltr'>desiderantur,</span> <span class='ocrx_word' id='word_1_99' title='bbox 1668 1900 1728 1998; x_wconf 53' lang='lat' dir='ltr'>⁸ex</span> 
     </span>
     <span class='ocr_line' id='line_1_13' title="bbox 225 2042 1728 2149; baseline -0.003 -27"><span class='ocrx_word' id='word_1_100' title='bbox 225 2073 297 2149; x_wconf 92' lang='lat' dir='ltr'>quo</span> <span class='ocrx_word' id='word_1_101' title='bbox 318 2056 475 2119; x_wconf 81' lang='lat' dir='ltr'>asserere</span> <span class='ocrx_word' id='word_1_102' title='bbox 498 2046 583 2118; x_wconf 89' lang='lat' dir='ltr'>licet</span> <span class='ocrx_word' id='word_1_103' title='bbox 612 2045 837 2143; x_wconf 66' lang='lat' dir='ltr'>presentiam</span> <span class='ocrx_word' id='word_1_104' title='bbox 864 2046 1014 2116; x_wconf 90' lang='lat' dir='ltr'>istorum</span> <span class='ocrx_word' id='word_1_105' title='bbox 1038 2067 1255 2142; x_wconf 81' lang='lat' dir='ltr'>organorum</span> <span class='ocrx_word' id='word_1_106' title='bbox 1279 2042 1565 2116; x_wconf 88' lang='lat' dir='ltr'>retractilitatem</span> <span class='ocrx_word' id='word_1_107' title='bbox 1593 2047 1728 2118; x_wconf 86' lang='lat' dir='ltr'>consti-</span> 
     </span>
     <span class='ocr_line' id='line_1_14' title="bbox 225 2163 1727 2263; baseline -0.003 -17"><span class='ocrx_word' id='word_1_108' title='bbox 225 2184 347 2260; x_wconf 88' lang='lat' dir='ltr'>tuere,</span> <span class='ocrx_word' id='word_1_109' title='bbox 371 2181 410 2242; x_wconf 91' lang='lat' dir='ltr'>et</span> <span class='ocrx_word' id='word_1_110' title='bbox 427 2169 506 2242; x_wconf 90' lang='lat' dir='ltr'>vice</span> <span class='ocrx_word' id='word_1_111' title='bbox 525 2167 638 2241; x_wconf 75' lang='lat' dir='ltr'>versi.</span> <span class='ocrx_word' id='word_1_112' title='bbox 665 2166 750 2238; x_wconf 86' lang='lat' dir='ltr'>Haec</span> <span class='ocrx_word' id='word_1_113' title='bbox 770 2165 918 2263; x_wconf 87' lang='lat' dir='ltr'>quidem</span> <span class='ocrx_word' id='word_1_114' title='bbox 940 2164 1000 2236; x_wconf 81' lang='lat' dir='ltr'>lex</span> <span class='ocrx_word' id='word_1_115' title='bbox 1023 2191 1041 2235; x_wconf 90' lang='lat' dir='ltr'>a</span> <span class='ocrx_word' id='word_1_116' title='bbox 1064 2163 1118 2235; x_wconf 70' lang='grc' dir='ltr'><strong>(ΙΙ.</strong></span> <span class='ocrx_word' id='word_1_117' title='bbox 1142 2166 1314 2263; x_wconf 82' lang='lat' dir='ltr'>Savigny</span> <span class='ocrx_word' id='word_1_118' title='bbox 1331 2167 1533 2263; x_wconf 88' lang='lat' dir='ltr'>recognita,</span> <span class='ocrx_word' id='word_1_119' title='bbox 1559 2166 1727 2241; x_wconf 87' lang='lat' dir='ltr'>omnibus</span> 
     </span>
     <span class='ocr_line' id='line_1_15' title="bbox 224 2285 1726 2394; baseline -0.005 -27"><span class='ocrx_word' id='word_1_120' title='bbox 224 2293 422 2394; x_wconf 84' lang='lat' dir='ltr'>generatim</span> <span class='ocrx_word' id='word_1_121' title='bbox 443 2289 681 2362; x_wconf 79' lang='lat' dir='ltr'>Annelidibus</span> <span class='ocrx_word' id='word_1_122' title='bbox 697 2289 868 2388; x_wconf 90' lang='lat' dir='ltr'>applicari</span> <span class='ocrx_word' id='word_1_123' title='bbox 886 2300 1019 2385; x_wconf 88' lang='lat' dir='ltr'>potest,</span> <span class='ocrx_word' id='word_1_124' title='bbox 1036 2288 1131 2358; x_wconf 90' lang='lat' dir='ltr'>inter</span> <span class='ocrx_word' id='word_1_125' title='bbox 1149 2309 1257 2383; x_wconf 91' lang='lat' dir='ltr'>quos,</span> <span class='ocrx_word' id='word_1_126' title='bbox 1279 2285 1318 2356; x_wconf 93' lang='lat' dir='ltr'>hi</span> <span class='ocrx_word' id='word_1_127' title='bbox 1334 2285 1501 2384; x_wconf 89' lang='lat' dir='ltr'>quidem,</span> <span class='ocrx_word' id='word_1_128' title='bbox 1522 2289 1587 2385; x_wconf 85' lang='lat' dir='ltr'>qui</span> <span class='ocrx_word' id='word_1_129' title='bbox 1608 2287 1726 2360; x_wconf 88' lang='lat' dir='ltr'>nullas</span> 
     </span>
     <span class='ocr_line' id='line_1_16' title="bbox 224 2403 1730 2508; baseline -0.003 -21"><span class='ocrx_word' id='word_1_130' title='bbox 224 2406 399 2486; x_wconf 87' lang='lat' dir='ltr'>mamillas</span> <span class='ocrx_word' id='word_1_131' title='bbox 431 2409 588 2498; x_wconf 88' lang='lat' dir='ltr'>babent,</span> <span class='ocrx_word' id='word_1_132' title='bbox 623 2411 729 2480; x_wconf 89' lang='lat' dir='ltr'>etiarn</span> <span class='ocrx_word' id='word_1_133' title='bbox 765 2434 954 2508; x_wconf 89' lang='lat' dir='ltr'>nunquam</span> <span class='ocrx_word' id='word_1_134' title='bbox 986 2421 1078 2479; x_wconf 89' lang='lat' dir='ltr'>setas</span> <span class='ocrx_word' id='word_1_135' title='bbox 1110 2405 1288 2503; x_wconf 81' lang='lat' dir='ltr'>longiores</span> <span class='ocrx_word' id='word_1_136' title='bbox 1321 2403 1548 2508; x_wconf 89' lang='lat' dir='ltr'>brevioresve</span> <span class='ocrx_word' id='word_1_137' title='bbox 1586 2407 1730 2482; x_wconf 84' lang='lat' dir='ltr'>efficere</span> 
     </span>
     <span class='ocr_line' id='line_1_17' title="bbox 224 2526 1640 2632; baseline -0.002 -28"><span class='ocrx_word' id='word_1_138' title='bbox 224 2526 390 2632; x_wconf 69' lang='lat' dir='ltr'>possm,</span> <span class='ocrx_word' id='word_1_139' title='bbox 421 2528 499 2601; x_wconf 88' lang='lat' dir='ltr'>illas</span> <span class='ocrx_word' id='word_1_140' title='bbox 523 2528 580 2603; x_wconf 90' lang='lat' dir='ltr'>vel</span> <span class='ocrx_word' id='word_1_141' title='bbox 607 2528 869 2600; x_wconf 89' lang='lat' dir='ltr'>introducendo</span> <span class='ocrx_word' id='word_1_142' title='bbox 894 2527 954 2603; x_wconf 93' lang='lat' dir='ltr'>vel</span> <span class='ocrx_word' id='word_1_143' title='bbox 982 2526 1199 2600; x_wconf 88' lang='lat' dir='ltr'>retrahendo</span> <span class='ocrx_word' id='word_1_144' title='bbox 1219 2528 1257 2597; x_wconf 93' lang='lat' dir='ltr'>in</span> <span class='ocrx_word' id='word_1_145' title='bbox 1278 2529 1386 2599; x_wconf 84' lang='lat' dir='ltr'>strata</span> <span class='ocrx_word' id='word_1_146' title='bbox 1409 2527 1640 2601; x_wconf 86' lang='lat' dir='ltr'>muscularia.</span> 
     </span>
    </p>
   </div>
   <div class='ocr_carea' id='block_1_5' title="bbox 214 2653 1725 3261">
    <p class='ocr_par' dir='ltr' id='par_1_5' title="bbox 214 2653 1725 3261">
     <span class='ocr_line' id='line_1_18' title="bbox 214 2653 1725 2771; baseline 0 -22"><span class='ocrx_word' id='word_1_147' title='bbox 214 2653 216 2657; x_wconf 70' lang='lat'>‚</span> <span class='ocrx_word' id='word_1_148' title='bbox 270 2673 441 2749; x_wconf 82' lang='lat' dir='ltr'>Mamillae</span> <span class='ocrx_word' id='word_1_149' title='bbox 457 2686 542 2746; x_wconf 90' lang='lat' dir='ltr'>sunt</span> <span class='ocrx_word' id='word_1_150' title='bbox 565 2671 724 2771; x_wconf 89' lang='lat' dir='ltr'>parvulae</span> <span class='ocrx_word' id='word_1_151' title='bbox 741 2675 879 2770; x_wconf 82' lang='lat' dir='ltr'>vaginae</span> <span class='ocrx_word' id='word_1_152' title='bbox 898 2694 1072 2763; x_wconf 88' lang='lat' dir='ltr'>carnosae,</span> <span class='ocrx_word' id='word_1_153' title='bbox 1091 2670 1305 2744; x_wconf 82' lang='lat' dir='ltr'>fasciculum</span> <span class='ocrx_word' id='word_1_154' title='bbox 1322 2686 1480 2746; x_wconf 90' lang='lat' dir='ltr'>setarum</span> <span class='ocrx_word' id='word_1_155' title='bbox 1499 2672 1725 2749; x_wconf 84' lang='lat' dir='ltr'>includentes</span> 
     </span>
     <span class='ocr_line' id='line_1_19' title="bbox 224 2791 1723 2893; baseline -0.002 -22"><span class='ocrx_word' id='word_1_156' title='bbox 224 2795 472 2872; x_wconf 88' lang='lat' dir='ltr'>subulatarum</span> <span class='ocrx_word' id='word_1_157' title='bbox 489 2808 526 2867; x_wconf 89' lang='lat' dir='ltr'>et</span> <span class='ocrx_word' id='word_1_158' title='bbox 544 2795 735 2893; x_wconf 87' lang='lat' dir='ltr'>saepissime</span> <span class='ocrx_word' id='word_1_159' title='bbox 753 2792 939 2867; x_wconf 90' lang='lat' dir='ltr'>aciculam.</span> <span class='ocrx_word' id='word_1_160' title='bbox 963 2792 1068 2890; x_wconf 87' lang='lat' dir='ltr'>(Vid.</span> <span class='ocrx_word' id='word_1_161' title='bbox 1090 2791 1299 2879; x_wconf 69' lang='lat' dir='ltr'>Lamarclr,</span> <span class='ocrx_word' id='word_1_162' title='bbox 1318 2793 1408 2864; x_wconf 78' lang='lat' dir='ltr'>hist.</span> <span class='ocrx_word' id='word_1_163' title='bbox 1426 2807 1506 2886; x_wconf 76' lang='lat' dir='ltr'>not.</span> <span class='ocrx_word' id='word_1_164' title='bbox 1524 2794 1592 2866; x_wconf 85' lang='lat' dir='ltr'>des</span> <span class='ocrx_word' id='word_1_165' title='bbox 1607 2797 1723 2868; x_wconf 84' lang='lat' dir='ltr'>anim.</span> 
     </span>
     <span class='ocr_line' id='line_1_20' title="bbox 225 2912 1724 3018; baseline 0.001 -29"><span class='ocrx_word' id='word_1_166' title='bbox 225 2943 255 2989; x_wconf 87' lang='lat' dir='ltr'>s.</span> <span class='ocrx_word' id='word_1_167' title='bbox 271 2930 364 2989; x_wconf 74' lang='lat' dir='ltr'>vert.</span> <span class='ocrx_word' id='word_1_168' title='bbox 387 2930 474 2988; x_wconf 92' lang='lat' dir='ltr'>tom.</span> <span class='ocrx_word' id='word_1_169' title='bbox 493 2919 528 2986; x_wconf 80' lang='lat'>2.</span> <span class='ocrx_word' id='word_1_170' title='bbox 543 2917 568 3012; x_wconf 89' lang='lat'>).</span> <span class='ocrx_word' id='word_1_171' title='bbox 598 2914 773 3006; x_wconf 76' lang='lat' dir='ltr'>lllusculi&#39;,</span> <span class='ocrx_word' id='word_1_172' title='bbox 797 2916 861 3013; x_wconf 91' lang='lat' dir='ltr'>qui</span> <span class='ocrx_word' id='word_1_173' title='bbox 881 2912 948 2986; x_wconf 92' lang='lat' dir='ltr'>sub</span> <span class='ocrx_word' id='word_1_174' title='bbox 964 2927 1085 2987; x_wconf 91' lang='lat' dir='ltr'>cutem</span> <span class='ocrx_word' id='word_1_175' title='bbox 1106 2916 1314 3011; x_wconf 78' lang='lat' dir='ltr'>ponuntur,</span> <span class='ocrx_word' id='word_1_176' title='bbox 1329 2915 1550 3008; x_wconf 89' lang='lat' dir='ltr'>inserviunt,</span> <span class='ocrx_word' id='word_1_177' title='bbox 1574 2919 1630 2991; x_wconf 91' lang='lat' dir='ltr'>uti</span> <span class='ocrx_word' id='word_1_178' title='bbox 1650 2917 1724 3018; x_wconf 88' lang='lat' dir='ltr'>jam</span> 
     </span>
     <span class='ocr_line' id='line_1_21' title="bbox 225 3033 1723 3133; baseline 0.001 -21"><span class='ocrx_word' id='word_1_179' title='bbox 225 3037 402 3129; x_wconf 81' lang='lat' dir='ltr'>dixiurus,</span> <span class='ocrx_word' id='word_1_180' title='bbox 434 3038 550 3108; x_wconf 90' lang='lat' dir='ltr'>motui</span> <span class='ocrx_word' id='word_1_181' title='bbox 582 3037 732 3129; x_wconf 90' lang='lat' dir='ltr'>istorum</span> <span class='ocrx_word' id='word_1_182' title='bbox 764 3059 993 3133; x_wconf 87' lang='lat' dir='ltr'>organorum.</span> <span class='ocrx_word' id='word_1_183' title='bbox 1037 3033 1156 3106; x_wconf 88' lang='lat' dir='ltr'>Motus</span> <span class='ocrx_word' id='word_1_184' title='bbox 1191 3034 1380 3106; x_wconf 90' lang='lat' dir='ltr'>retractilis</span> <span class='ocrx_word' id='word_1_185' title='bbox 1414 3049 1511 3109; x_wconf 86' lang='lat' dir='ltr'>trans</span> <span class='ocrx_word' id='word_1_186' title='bbox 1532 3039 1723 3128; x_wconf 26' lang='lat' dir='ltr'>,mamillas</span> 
     </span>
     <span class='ocr_line' id='line_1_22' title="bbox 224 3134 1644 3261; baseline 0.001 -30"><span class='ocrx_word' id='word_1_187' title='bbox 224 3134 393 3261; x_wconf 84' lang='lat' dir='ltr'>efficitur,</span> <span class='ocrx_word' id='word_1_188' title='bbox 416 3157 485 3229; x_wconf 94' lang='lat' dir='ltr'>hoc</span> <span class='ocrx_word' id='word_1_189' title='bbox 507 3169 579 3247; x_wconf 89' lang='lat' dir='ltr'>est,</span> <span class='ocrx_word' id='word_1_190' title='bbox 602 3158 641 3227; x_wconf 91' lang='lat' dir='ltr'>in</span> <span class='ocrx_word' id='word_1_191' title='bbox 664 3155 815 3228; x_wconf 89' lang='lat' dir='ltr'>cavitate</span> <span class='ocrx_word' id='word_1_192' title='bbox 841 3168 953 3227; x_wconf 89' lang='lat' dir='ltr'>setam</span> <span class='ocrx_word' id='word_1_193' title='bbox 975 3156 1191 3255; x_wconf 89' lang='lat' dir='ltr'>recipiente,</span> <span class='ocrx_word' id='word_1_194' title='bbox 1214 3154 1286 3253; x_wconf 77' lang='lat' dir='ltr'>quai</span> <span class='ocrx_word' id='word_1_195' title='bbox 1308 3155 1379 3228; x_wconf 89' lang='lat' dir='ltr'>illae</span> <span class='ocrx_word' id='word_1_196' title='bbox 1401 3157 1644 3255; x_wconf 85' lang='lat' dir='ltr'>perforantur.</span> 
     </span>
    </p>
   </div>
   <div class='ocr_carea' id='block_1_6' title="bbox 221 3296 1781 4612">
    <p class='ocr_par' dir='ltr' id='par_1_6' title="bbox 221 3296 1781 4612">
     <span class='ocr_line' id='line_1_23' title="bbox 267 3296 1721 3401; baseline 0.003 -28"><span class='ocrx_word' id='word_1_197' title='bbox 267 3300 398 3391; x_wconf 88' lang='lat' dir='ltr'>Quum</span> <span class='ocrx_word' id='word_1_198' title='bbox 411 3301 510 3372; x_wconf 92' lang='lat' dir='ltr'>enim</span> <span class='ocrx_word' id='word_1_199' title='bbox 524 3297 709 3370; x_wconf 91' lang='lat' dir='ltr'>Lumbrici</span> <span class='ocrx_word' id='word_1_200' title='bbox 728 3296 901 3378; x_wconf 89' lang='lat' dir='ltr'>mamillas</span> <span class='ocrx_word' id='word_1_201' title='bbox 916 3296 1073 3370; x_wconf 89' lang='lat' dir='ltr'>habeant</span> <span class='ocrx_word' id='word_1_202' title='bbox 1086 3298 1249 3371; x_wconf 85' lang='lat' dir='ltr'>setiferas</span> <span class='ocrx_word' id='word_1_203' title='bbox 1262 3312 1299 3372; x_wconf 88' lang='lat' dir='ltr'>et</span> <span class='ocrx_word' id='word_1_204' title='bbox 1311 3314 1401 3373; x_wconf 90' lang='lat' dir='ltr'>setas</span> <span class='ocrx_word' id='word_1_205' title='bbox 1418 3301 1570 3401; x_wconf 87' lang='lat' dir='ltr'>proinde</span> <span class='ocrx_word' id='word_1_206' title='bbox 1584 3317 1721 3378; x_wconf 91' lang='lat' dir='ltr'>retrac-</span> 
     </span>
     <span class='ocr_line' id='line_1_24' title="bbox 225 3417 1721 3526; baseline 0.006 -32"><span class='ocrx_word' id='word_1_207' title='bbox 225 3417 322 3514; x_wconf 83' lang='lat' dir='ltr'>tiles,</span> <span class='ocrx_word' id='word_1_208' title='bbox 350 3419 407 3491; x_wconf 88' lang='lat' dir='ltr'>his</span> <span class='ocrx_word' id='word_1_209' title='bbox 441 3421 480 3490; x_wconf 92' lang='lat' dir='ltr'>in</span> <span class='ocrx_word' id='word_1_210' title='bbox 515 3417 857 3492; x_wconf 88' lang='lat' dir='ltr'>considerationibus</span> <span class='ocrx_word' id='word_1_211' title='bbox 894 3417 1152 3518; x_wconf 91' lang='lat' dir='ltr'>aliquantisper</span> <span class='ocrx_word' id='word_1_212' title='bbox 1188 3420 1421 3498; x_wconf 75' lang='lat' dir='ltr'>versabimur.</span> <span class='ocrx_word' id='word_1_213' title='bbox 1459 3424 1527 3498; x_wconf 91' lang='lat' dir='ltr'>Hic</span> <span class='ocrx_word' id='word_1_214' title='bbox 1559 3428 1721 3526; x_wconf 92' lang='lat' dir='ltr'>primum</span> 
     </span>
     <span class='ocr_line' id='line_1_25' title="bbox 225 3538 1720 3681; baseline 0.006 -69"><span class='ocrx_word' id='word_1_215' title='bbox 225 3539 503 3681; x_wconf 44' lang='lat' dir='ltr'>*advertam</span> <span class='ocrx_word' id='word_1_216' title='bbox 526 3538 580 3612; x_wconf 91' lang='lat' dir='ltr'>Cl.</span> <span class='ocrx_word' id='word_1_217' title='bbox 600 3542 768 3638; x_wconf 79' lang='lat' dir='ltr'>Savigny</span> <span class='ocrx_word' id='word_1_218' title='bbox 776 3592 790 3626; x_wconf 89' lang='lat'>,</span> <span class='ocrx_word' id='word_1_219' title='bbox 816 3541 1006 3613; x_wconf 82' lang='lat' dir='ltr'>Lamarclr</span> <span class='ocrx_word' id='word_1_220' title='bbox 1027 3556 1064 3614; x_wconf 89' lang='lat' dir='ltr'>et</span> <span class='ocrx_word' id='word_1_221' title='bbox 1081 3541 1213 3615; x_wconf 91' lang='lat' dir='ltr'>multos</span> <span class='ocrx_word' id='word_1_222' title='bbox 1235 3542 1341 3635; x_wconf 88' lang='lat' dir='ltr'>alios,</span> <span class='ocrx_word' id='word_1_223' title='bbox 1365 3546 1429 3616; x_wconf 91' lang='lat' dir='ltr'>ista</span> <span class='ocrx_word' id='word_1_224' title='bbox 1453 3571 1584 3646; x_wconf 89' lang='lat' dir='ltr'>organa</span> <span class='ocrx_word' id='word_1_225' title='bbox 1603 3550 1720 3627; x_wconf 89' lang='lat' dir='ltr'>Lum-</span> 
     </span>
     <span class='ocr_line' id='line_1_26' title="bbox 224 3660 1719 3769; baseline 0.006 -33"><span class='ocrx_word' id='word_1_226' title='bbox 224 3661 309 3738; x_wconf 76' lang='lat' dir='ltr'>buci</span> <span class='ocrx_word' id='word_1_227' title='bbox 328 3661 561 3751; x_wconf 68' lang='lat' dir='ltr'>‚locomotoria</span> <span class='ocrx_word' id='word_1_228' title='bbox 584 3660 859 3736; x_wconf 89' lang='lat' dir='ltr'>consideravisse</span> <span class='ocrx_word' id='word_1_229' title='bbox 881 3675 1053 3762; x_wconf 91' lang='lat' dir='ltr'>tanquam</span> <span class='ocrx_word' id='word_1_230' title='bbox 1073 3690 1147 3736; x_wconf 91' lang='lat' dir='ltr'>non</span> <span class='ocrx_word' id='word_1_231' title='bbox 1169 3666 1380 3758; x_wconf 89' lang='lat' dir='ltr'>retractilia,</span> <span class='ocrx_word' id='word_1_232' title='bbox 1399 3679 1436 3739; x_wconf 91' lang='lat' dir='ltr'>et</span> <span class='ocrx_word' id='word_1_233' title='bbox 1455 3667 1719 3769; x_wconf 83' lang='lat' dir='ltr'>quodquidam</span> 
     </span>
     <span class='ocr_line' id='line_1_27' title="bbox 224 3782 1719 3891; baseline 0.003 -33"><span class='ocrx_word' id='word_1_234' title='bbox 224 3782 364 3887; x_wconf 87' lang='lat' dir='ltr'>majoris</span> <span class='ocrx_word' id='word_1_235' title='bbox 386 3796 440 3856; x_wconf 92' lang='lat' dir='ltr'>est</span> <span class='ocrx_word' id='word_1_236' title='bbox 463 3783 656 3873; x_wconf 88' lang='lat' dir='ltr'>momenti,</span> <span class='ocrx_word' id='word_1_237' title='bbox 678 3782 757 3854; x_wconf 92' lang='lat' dir='ltr'>illos</span> <span class='ocrx_word' id='word_1_238' title='bbox 778 3797 960 3878; x_wconf 84' lang='lat' dir='ltr'>auctores,</span> <span class='ocrx_word' id='word_1_239' title='bbox 983 3784 1211 3878; x_wconf 90' lang='lat' dir='ltr'>Lumbricos,</span> <span class='ocrx_word' id='word_1_240' title='bbox 1237 3790 1276 3857; x_wconf 87' lang='grc' dir='ltr'>1ο</span> <span class='ocrx_word' id='word_1_241' title='bbox 1295 3787 1390 3859; x_wconf 91' lang='lat' dir='ltr'>inter</span> <span class='ocrx_word' id='word_1_242' title='bbox 1413 3788 1609 3861; x_wconf 87' lang='lat' dir='ltr'>Annelides</span> <span class='ocrx_word' id='word_1_243' title='bbox 1630 3817 1719 3891; x_wconf 74' lang='lat' dir='ltr'>apo=</span> 
     </span>
     <span class='ocr_line' id='line_1_28' title="bbox 221 3903 1719 4011; baseline 0.005 -32"><span class='ocrx_word' id='word_1_244' title='bbox 221 3904 299 3999; x_wconf 80' lang='lat' dir='ltr'>des,</span> <span class='ocrx_word' id='word_1_245' title='bbox 325 3908 366 3977; x_wconf 85' lang='lat'>2⁰</span> <span class='ocrx_word' id='word_1_246' title='bbox 392 3909 487 3978; x_wconf 90' lang='lat' dir='ltr'>inter</span> <span class='ocrx_word' id='word_1_247' title='bbox 517 3903 709 3977; x_wconf 90' lang='lat' dir='ltr'>Annelides</span> <span class='ocrx_word' id='word_1_248' title='bbox 738 3906 906 3979; x_wconf 91' lang='lat' dir='ltr'>mamillis</span> <span class='ocrx_word' id='word_1_249' title='bbox 928 3907 1098 3999; x_wconf 85' lang='lat' dir='ltr'>setiferis,</span> <span class='ocrx_word' id='word_1_250' title='bbox 1127 3908 1366 3982; x_wconf 89' lang='lat' dir='ltr'>retractilibus</span> <span class='ocrx_word' id='word_1_251' title='bbox 1394 3924 1431 3982; x_wconf 88' lang='lat' dir='ltr'>et</span> <span class='ocrx_word' id='word_1_252' title='bbox 1456 3911 1719 4011; x_wconf 86' lang='lat' dir='ltr'>pediformibus</span> 
     </span>
     <span class='ocr_line' id='line_1_29' title="bbox 224 4019 1781 4124; baseline 0.003 -23"><span class='ocrx_word' id='word_1_253' title='bbox 224 4025 408 4102; x_wconf 81' lang='lat' dir='ltr'>destitutos</span> <span class='ocrx_word' id='word_1_254' title='bbox 434 4026 614 4124; x_wconf 89' lang='lat' dir='ltr'>posuisse,</span> <span class='ocrx_word' id='word_1_255' title='bbox 645 4039 681 4097; x_wconf 85' lang='lat' dir='ltr'>et</span> <span class='ocrx_word' id='word_1_256' title='bbox 707 4050 752 4098; x_wconf 85' lang='lat' dir='ltr'>ex</span> <span class='ocrx_word' id='word_1_257' title='bbox 778 4019 875 4100; x_wconf 91' lang='lat' dir='ltr'>hisce</span> <span class='ocrx_word' id='word_1_258' title='bbox 904 4027 1245 4100; x_wconf 90' lang='lat' dir='ltr'>considerationibus</span> <span class='ocrx_word' id='word_1_259' title='bbox 1276 4028 1498 4102; x_wconf 90' lang='lat' dir='ltr'>characteres</span> <span class='ocrx_word' id='word_1_260' title='bbox 1528 4030 1717 4105; x_wconf 86' lang='lat' dir='ltr'>deduxisse</span> <span class='ocrx_word' id='word_1_261' title='bbox 1779 4119 1781 4122; x_wconf 11' lang='grc' dir='ltr'><em>Α</em></span> 
     </span>
     <span class='ocr_line' id='line_1_30' title="bbox 224 4146 1719 4227; baseline 0.002 -6"><span class='ocrx_word' id='word_1_262' title='bbox 224 4147 353 4226; x_wconf 90' lang='lat' dir='ltr'>ordinis</span> <span class='ocrx_word' id='word_1_263' title='bbox 374 4161 413 4220; x_wconf 90' lang='lat' dir='ltr'>et</span> <span class='ocrx_word' id='word_1_264' title='bbox 433 4146 579 4219; x_wconf 82' lang='lat' dir='ltr'>familiae</span> <span class='ocrx_word' id='word_1_265' title='bbox 605 4148 754 4220; x_wconf 90' lang='lat' dir='ltr'>istorum</span> <span class='ocrx_word' id='word_1_266' title='bbox 780 4147 1003 4222; x_wconf 88' lang='lat' dir='ltr'>animalium.</span> <span class='ocrx_word' id='word_1_267' title='bbox 1019 4149 1169 4227; x_wconf 14' lang='lat' dir='ltr'>,Verum</span> <span class='ocrx_word' id='word_1_268' title='bbox 1196 4151 1380 4224; x_wconf 88' lang='lat' dir='ltr'>enimvero</span> <span class='ocrx_word' id='word_1_269' title='bbox 1407 4149 1453 4223; x_wconf 91' lang='lat' dir='ltr'>ad</span> <span class='ocrx_word' id='word_1_270' title='bbox 1478 4150 1552 4224; x_wconf 86' lang='lat' dir='ltr'>Cel.</span> <span class='ocrx_word' id='word_1_271' title='bbox 1582 4153 1719 4226; x_wconf 70' lang='lat' dir='ltr'>Crevier</span> 
     </span>
     <span class='ocr_line' id='line_1_31' title="bbox 225 4267 1712 4370; baseline 0.001 -28"><span class='ocrx_word' id='word_1_272' title='bbox 225 4270 283 4370; x_wconf 88' lang='lat' dir='ltr'>qui</span> <span class='ocrx_word' id='word_1_273' title='bbox 297 4267 488 4361; x_wconf 86' lang='lat' dir='ltr'>musculis,</span> <span class='ocrx_word' id='word_1_274' title='bbox 514 4281 650 4340; x_wconf 92' lang='lat' dir='ltr'>motum</span> <span class='ocrx_word' id='word_1_275' title='bbox 674 4267 729 4339; x_wconf 91' lang='lat' dir='ltr'>his</span> <span class='ocrx_word' id='word_1_276' title='bbox 751 4269 911 4367; x_wconf 90' lang='lat' dir='ltr'>partibus</span> <span class='ocrx_word' id='word_1_277' title='bbox 928 4267 1163 4368; x_wconf 88' lang='lat' dir='ltr'>largientibus</span> <span class='ocrx_word' id='word_1_278' title='bbox 1179 4269 1339 4363; x_wconf 91' lang='lat' dir='ltr'>studuit,</span> <span class='ocrx_word' id='word_1_279' title='bbox 1363 4271 1548 4370; x_wconf 81' lang='lat' dir='ltr'>(anatem.</span> <span class='ocrx_word' id='word_1_280' title='bbox 1570 4298 1688 4369; x_wconf 77' lang='lat' dir='ltr'>comp.</span> <span class='ocrx_word' id='word_1_281' title='bbox 1696 4326 1712 4360; x_wconf 87' lang='lat'>,</span> 
     </span>
     <span class='ocr_line' id='line_1_32' title="bbox 225 4387 1715 4492; baseline 0.002 -31"><span class='ocrx_word' id='word_1_282' title='bbox 225 4391 291 4463; x_wconf 76' lang='lat' dir='ltr'>sol.</span> <span class='ocrx_word' id='word_1_283' title='bbox 312 4391 350 4464; x_wconf 91' lang='grc' dir='ltr'>Ι.</span> <span class='ocrx_word' id='word_1_284' title='bbox 365 4415 460 4488; x_wconf 86' lang='lat' dir='ltr'>pag.</span> <span class='ocrx_word' id='word_1_285' title='bbox 481 4387 608 4487; x_wconf 72' lang='lat'>562),</span> <span class='ocrx_word' id='word_1_286' title='bbox 631 4388 675 4460; x_wconf 91' lang='lat' dir='ltr'>ad</span> <span class='ocrx_word' id='word_1_287' title='bbox 693 4389 747 4461; x_wconf 86' lang='lat' dir='ltr'>Cl.</span> <span class='ocrx_word' id='word_1_288' title='bbox 764 4391 986 4488; x_wconf 54' lang='lat' dir='ltr'>Mouldgrm</span> <span class='ocrx_word' id='word_1_289' title='bbox 1013 4413 1178 4483; x_wconf 89' lang='lat' dir='ltr'>recurro,</span> <span class='ocrx_word' id='word_1_290' title='bbox 1199 4391 1264 4488; x_wconf 91' lang='lat' dir='ltr'>qui</span> <span class='ocrx_word' id='word_1_291' title='bbox 1286 4389 1460 4463; x_wconf 91' lang='lat' dir='ltr'>mamillas</span> <span class='ocrx_word' id='word_1_292' title='bbox 1480 4404 1614 4492; x_wconf 81' lang='lat' dir='ltr'>erectas</span> <span class='ocrx_word' id='word_1_293' title='bbox 1633 4393 1715 4464; x_wconf 88' lang='lat' dir='ltr'>ani-</span> 
     </span>
     <span class='ocr_line' id='line_1_33' title="bbox 226 4508 1715 4612; baseline 0.005 -28"><span class='ocrx_word' id='word_1_294' title='bbox 226 4509 412 4588; x_wconf 87' lang='lat' dir='ltr'>madvertit</span> <span class='ocrx_word' id='word_1_295' title='bbox 436 4511 475 4583; x_wconf 92' lang='lat' dir='ltr'>in</span> <span class='ocrx_word' id='word_1_296' title='bbox 501 4509 714 4584; x_wconf 89' lang='lat' dir='ltr'>animalibus</span> <span class='ocrx_word' id='word_1_297' title='bbox 736 4517 873 4584; x_wconf 82' lang='lat' dir='ltr'>coitum</span> <span class='ocrx_word' id='word_1_298' title='bbox 901 4508 1181 4604; x_wconf 89' lang='lat' dir='ltr'>celebrantibus,</span> <span class='ocrx_word' id='word_1_299' title='bbox 1209 4511 1253 4585; x_wconf 87' lang='lat' dir='ltr'>ad</span> <span class='ocrx_word' id='word_1_300' title='bbox 1280 4513 1372 4612; x_wconf 86' lang='lat' dir='ltr'>ipsas</span> <span class='ocrx_word' id='word_1_301' title='bbox 1395 4512 1552 4611; x_wconf 89' lang='lat' dir='ltr'>denique</span> <span class='ocrx_word' id='word_1_302' title='bbox 1575 4527 1715 4591; x_wconf 80' lang='lat' dir='ltr'>naturae</span> 
     </span>
    </p>
   </div>
   <div class='ocr_carea' id='block_1_7' title="bbox 1285 4658 1308 4728">
    <p class='ocr_par' dir='ltr' id='par_1_7' title="bbox 1285 4658 1308 4728">
     <span class='ocr_line' id='line_1_34' title="bbox 1285 4658 1308 4728; baseline 0 0"><span class='ocrx_word' id='word_1_303' title='bbox 1285 4658 1308 4728; x_wconf 88' lang='grc'>8</span> 
     </span>
    </p>
   </div>
   <div class='ocr_carea' id='block_1_8' title="bbox 0 0 2126 5850">
    <p class='ocr_par' dir='ltr' id='par_1_8' title="bbox 0 0 2126 5850">
     <span class='ocr_line' id='line_1_35' title="bbox 0 0 2126 5850; baseline 0 2"><span class='ocrx_word' id='word_1_304' title='bbox 0 0 2126 5850; x_wconf 95' lang='lat' dir='ltr'> </span> 
     </span>
    </p>
   </div>
  </div>
 </body>
</html>
