4244 5850
894 521 1050 623 (113)

749 794 917 872 SECTlO
967 795 1203 874 SECUNDA.

696 1014 790 1089 NE
810 1016 900 1091 ΠΕ
921 1015 1008 1090 OL
1029 1017 1066 1090 Ο
1086 1014 1238 1091 GIA.

763 1402 924 1476 CAPUT
973 1403 1178 1478 PRIMUM.

282 1623 325 1673 DE
356 1619 549 1671 SYSTEMATE
580 1616 737 1669 NERVOSO
768 1618 805 1666 IN
839 1618 967 1668 GENERE
1002 1619 1045 1667 ET
1079 1620 1122 1666 DE
1155 1616 1428 1671 ORGANISATIONE
1463 1623 1678 1675 uentorum.

272 1816 386 1891 Pauci
408 1815 571 1888 existunt
593 1824 755 1884 auctores
777 1811 843 1910 qui
861 1808 907 1885 de
923 1811 1118 1885 Lumbrico
1136 1826 1300 1911 agentes,
1322 1839 1397 1888 non
1415 1815 1571 1892 formam
1587 1818 1728 1895 cerebri
1745 1844 1884 1903 Historia·
1913 1846 1953 1901 in.

223 1952 262 2015 et
277 1964 475 2015 nervorum
494 1936 696 2011 citaverint.
720 1933 797 2008 Sed
811 1935 930 2007 omnia
952 1961 1033 2034 quae
1051 1935 1154 2007 nobis
1177 1933 1223 2008 de
1244 1935 1314 2009 hoc
1337 1951 1552 2037 argumento
1570 1942 1730 2018 tradide-
1779 1915 1898 1972 '‘imm''

223 2069 315 2137 runt
334 2058 467 2133 tantuli
490 2069 575 2132 sunt
596 2057 789 2148 momenti,
812 2070 855 2129 ut
875 2057 936 2130 bic
951 2083 993 2130 ea
1009 2059 1183 2131 referrea
1203 2061 1385 2158 proposito
1406 2059 1567 2135 ebenum
1586 2061 1730 2165 judica·
1832 2054 1842 2073 ⁸

222 2182 354 2259 verim.
376 2178 581 2252 Videantur
602 2177 799 2277 praesertim
822 2203 913 2276 opus
932 2176 1008 2250 Cel.
1028 2179 1239 2252 tamarae:
1262 2182 1439 2255 Histoire
1459 2187 1647 2259 natorelle
1662 2187 1729 2262 dee

224 2285 513 2375 auimauxeans
527 2298 710 2372 vertebres
718 2348 732 2383 ,
754 2296 864 2370 altera
885 2296 1013 2391 editio;
1035 2298 1233 2373 dissertatio
1244 2299 1291 2374 de
1301 2301 1504 2377 Lumbricis
1520 2303 1596 2378 Cel.
1609 2307 1729 2380 Mon-

225 2424 349 2521 tdgre,
367 2420 594 2518 (Memoireo
615 2420 666 2491 du
683 2421 864 2493 Mardum
871 2471 885 2505 ‚
912 2432 998 2491 tom.
1019 2421 1096 2519 I.),
1123 2434 1160 2494 et
1180 2421 1376 2496 articulus:
1402 2425 1579 2498 Lambric
1594 2429 1729 2530 scripto

223 2541 378 2617 unditus
399 2567 419 2614 a
443 2541 519 2614 Cel.
547 2542 609 2612 De
628 2541 841 2612 Bloinville
851 2591 866 2625 ,
892 2538 906 2636 (
931 2541 1198 2614 Dictionnaire
1217 2542 1284 2614 des
1307 2546 1473 2617 arieneos
1494 2548 1605 2648 nat.)

274 2662 351 2737 (iel.
378 2665 533 2749 Crevier,
565 2661 706 2748 Carus,
732 2663 858 2735 Home
880 2674 918 2734 et
945 2663 1067 2750 Rota,
1099 2663 1155 2762 (1)
1187 2676 1274 2738 sunt
1304 2678 1468 2739 auctores
1495 2669 1563 2768 qui
1593 2670 1730 2770 optime

225 2774 602 2884 uobis'exposuerunt
629 2797 702 2855 tam
734 2783 972 2883 positionem,
1007 2784 1180 2879 formam,
1212 2783 1404 2860 relationes
1439 2788 1578 2864 cerebri
1619 2818 1731 2893 quam

223 2931 424 2981 numerum
447 2931 662 2997 nervorum,
689 2931 816 2979 eorum
843 2908 1075 3005 positionem,
1101 2919 1171 2980 etc.
1201 2905 1276 2979 Cel.
1310 2907 1452 2995 Carus,
1477 2935 1520 3005 p.
1555 2911 1628 3005 62,
1651 2912 1730 3015 ejus

225 3030 438 3120 Zootomiae‚
462 3026 628 3100 exhibuit
645 3026 920 3126 descriptionem
944 3028 1075 3102 harum
1096 3029 1274 3128 partium,
1291 3042 1330 3101 et
1347 3030 1548 3105 Anatomiae
1567 3033 1729 3132 specialis

225 3148 412 3224 Lnurbrici
436 3148 609 3222 terrestris
631 3151 766 3247 optime
789 3148 985 3221 delineatas
1018 3151 1150 3248 figuras
1172 3146 1313 3249 adjecit.

275 3272 387 3347 Nobis
407 3272 515 3344 etiam
532 3272 668 3342 occasio
690 3268 751 3341 hic
771 3269 878 3342 datur
900 3270 1034 3342 citandi
1052 3270 1335 3344 dissertationem
1359 3269 1435 3344 Cel.
1453 3273 1579 3346 Semo
1588 3325 1603 3361 ,
1622 3275 1731 3372 (Ex-

219 3395 410 3497 plication
443 3393 495 3464 du
533 3394 695 3489 systema
727 3416 891 3463 nerveux
921 3392 986 3463 dee
1014 3394 1225 3464 Auimoux
1257 3392 1482 3465 invertebree
1490 3445 1504 3479 ,
1542 3397 1728 3469 Annales

226 3516 294 3593 dea
316 3517 482 3587 sciences
503 3512 731 3596 naturalles,
756 3524 842 3582 tom.
861 3512 950 3584 III.
969 3539 1014 3609 p.
1039 3513 1172 3611 377.)‚
1197 3537 1279 3611 quae
1301 3511 1500 3586 dissertatio
1516 3516 1655 3613 ingenii
1671 3516 1730 3592 vi-

227 3662 314 3742 gore
337 3649 375 3710 et
396 3634 606 3736 praecisione
634 3623 840 3730 insignitur.
869 3632 1029 3706 Tandem
1055 3633 1211 3732 nosipsi
1236 3633 1275 3703 in
1299 3643 1461 3705 nostrum
1490 3632 1729 3708 Lumbricum

228 3757 400 3863 quasdam
423 3755 686 3829 observationes
713 3755 751 3824 in
774 3753 956 3824 structuri
980 3778 1177 3829 nervorum
1205 3752 1446 3844 instituimus,
1479 3778 1499 3826 a
1533 3752 1609 3826 Cel.
1631 3755 1729 3828 Mo-

224 3881 363 3985 gendie
383 3878 556 3952 indicatas
575 3876 612 3946 iu
636 3874 748 3974 ipsius
773 3872 1011 3974 Physiologia.

277 3999 461 4089 Mollusei,
488 3996 697 4086 Crustaeea,
721 3996 859 4068 insecta
884 4010 922 4069 et
944 4021 1073 4095 magua
1098 3995 1200 4093 eopia
1222 3993 1413 4065 Vermium
1440 3992 1725 4068 Articulatorum
1737 4024 1954 4105 Τῃῑψιω..

227 4138 379 4229 rystema
407 4144 599 4195 nervosum
622 4115 758 4189 habent
778 4120 827 4191 ita
850 4131 1097 4192 constructum
1120 4130 1163 4189 ut
1187 4114 1340 4187 unicum
1362 4127 1492 4213 typum
1515 4113 1723 4189 exhibeant.
1753 4096 1917 4155 ‘'⁸¹²⁶”⁰⁸¹·

228 4244 422 4331 Praesentia
446 4238 583 4313 cerebri
606 4238 711 4337 positi
732 4241 840 4338 sopri
868 4241 1029 4313 canalem
1052 4236 1336 4326 alimentarium,
1360 4231 1475 4304 donec
1496 4231 1574 4333 ejus
1596 4246 1727 4307 exten-

228 4368 344 4442 siones
371 4363 466 4437 intra
494 4361 662 4436 eumdem
694 4359 855 4435 canalem
881 4358 1171 4460 protenduntur,
1207 4355 1301 4428 hanc
1329 4378 1493 4427 normam
1520 4352 1726 4451 generalem

295 4577 342 4645 (ι)
357 4575 474 4641 Carior,
493 4577 586 4643 lepores
596 4576 702 4629 d'onot.
718 4592 822 4645 comp„
835 4570 911 4629 tom.
931 4594 956 4627 α.
976 4602 1009 4615 -
1021 4576 1119 4640 Carus,
1137 4571 1294 4625 Zootomr'e.
1310 4596 1343 4609 -
1356 4568 1459 4631 Home,
1470 4565 1539 4635 phil.
1552 4575 1637 4620 trano.
1650 4566 1724 4620 1824.

228 4695 263 4711 -
278 4664 369 4736 nora,
390 4666 423 4720 de
440 4664 613 4720 Animalium
632 4665 878 4723 invertebrotorum
894 4675 1043 4738 systemate
1059 4678 1185 4720 nervoso.
1207 4656 1396 4729 wirceburgi,
1419 4656 1493 4710 1825.

1363 4725 1407 4797 15
