4244 5850
913 553 1066 653 (2⁰¹)

244 740 316 813 stc.
329 722 512 816 Quasdam
522 721 635 795 lineas
649 743 777 794 eorum
794 716 984 818 longitudo
997 714 1224 815 adaequabat,
1236 729 1275 790 et
1289 715 1396 790 facile
1411 717 1595 816 conspicui
1616 718 1732 794 oculis

246 844 354 919 nudis
373 856 492 937 eram,
506 842 579 915 'etsi
599 839 791 914 latitudine
812 838 1018 911 tenuissimi
1041 836 1253 935 gauderent.
1273 837 1368 910 Sunt
1387 836 1582 911 admodum
1603 838 1732 938 agiles,

245 962 363 1038 albida
382 974 553 1062 argenteo
578 960 698 1033 colore
719 959 896 1048 distincti,
923 957 1107 1056 pellucidi.
1139 958 1454 1055 Perspiciebantur
1483 958 1660 1032 ditellum
1693 974 1731 1034 et

245 1084 372 1186 pedes,
399 1084 565 1183 quamvis
589 1082 628 1154 bi
656 1093 773 1153 essent
795 1079 988 1152 admodum
1013 1079 1158 1177 exigui,
1185 1077 1317 1149 canalis
1343 1077 1556 1151 intestinalia
1584 1077 1731 1152 visibilis

245 1203 435 1295 evadebat,
471 1202 532 1276 sed
556 1201 698 1275 nullum
723 1213 883 1298 poteram
908 1198 1076 1296 detegere
1098 1198 1289 1295 vestigium
1313 1197 1542 1273 vasculorum
1566 1198 1732 1275 racula-

247 1327 361 1418 rium,
383 1325 512 1398 saltem
536 1325 576 1395 in
598 1323 768 1395 minimis.
1448 1312 1454 1322 '

763 1538 809 1610 D.
866 1537 930 1609 De
947 1537 1213 1632 parturitione.

295 1734 492 1808 Parturitio
520 1746 573 1804 est
609 1745 710 1804 actus
742 1757 814 1830 quo
841 1729 1026 1804 Lumbrici
1058 1730 1176 1830 pullos
1210 1756 1291 1801 suos
1320 1731 1358 1800 in
1387 1729 1507 1805 lucem
1545 1732 1728 1806 emittunt.
1748 1759 1941 1816 susurratoris

247 1851 361 1953 Supra
389 1851 639 1950 descripsimus
666 1850 737 1924 duo
764 1852 894 1922 crificia
921 1877 1002 1949 quae
1024 1850 1197 1950 relinquit
1219 1850 1424 1923 membrana
1453 1852 1732 1929 submuscularis
1799 1829 1908 1885 '¹⁰⁸⁰‘

248 1997 369 2046 versus
384 1997 512 2063 anum,
529 1984 565 2043 et
581 1968 800 2044 ostendimus
816 1968 1003 2042 relationes
1012 1969 1143 2043 horum
1158 1972 1374 2045 oriticiorum
1386 1999 1470 2045 cum
1488 1975 1733 2073 receptaculo,

247 2090 292 2167 ab
321 2091 447 2167 eidem
472 2090 678 2164 membranis
704 2090 869 2163 formato.
901 2091 982 2163 Duo
1005 2091 1083 2164 haec
1106 2092 1238 2165 orificio
1260 2117 1342 2193 quae
1360 2092 1495 2165 babent
1518 2094 1732 2197 cesticillum

247 2209 330 2287 satis
353 2196 513 2284 crassum
540 2222 577 2282 et
597 2208 760 2307 undique
780 2235 821 2281 ea
849 2208 1151 2302 circumdantem,
1178 2225 1263 2286 sunt
1294 2237 1423 2312 organa
1450 2215 1631 2312 praecipua
1649 2240 1734 2312 par-

247 2329 445 2437 turitionis,
477 2330 647 2431 quoniam
670 2354 734 2428 per
756 2330 833 2403 haec
859 2344 1046 2404 transeunt
1067 2331 1160 2429 pulli
1181 2346 1218 2405 et
1241 2335 1461 2406 extrinsecus
1479 2332 1732 2436 projiciuntur.
1841 2421 1843 2426 Ι

294 2449 547 2526 Putaminibus
575 2448 816 2550 ,chrysalideis
858 2455 1015 2550 apertis,
1060 2451 1154 2551 pulli
1190 2451 1373 2526 Lumbrici
1412 2451 1516 2525 liberi
1558 2452 1734 2552 quodam-

247 2561 352 2643 inodo
374 2569 581 2643 adolescunt
604 2572 640 2642 in
666 2573 906 2670 receptaculo.
945 2574 1028 2648 Mor
1053 2588 1255 2674 coguntur,
1287 2575 1361 2649 sive
1384 2573 1455 2646 cibi
1477 2575 1621 2672 inopid,
1661 2577 1735 2650 sive

246 2678 323 2791 ipso
351 2690 565 2766 evolationis
589 2688 726 2791 gradu,
752 2693 974 2768 extrinsecus
1000 2694 1180 2794 progredi.
1212 2692 1318 2768 Tunc
1344 2707 1480 2767 exeunt
1512 2718 1577 2793 per
1600 2695 1734 2768 orificin

247 2809 464 2910 receptaculi
486 2824 524 2882 et
543 2834 608 2908 per
632 2836 743 2884 anum
767 2825 965 2887 transeunt.
994 2817 1037 2888 In
1052 2816 1121 2887 hoc
1137 2829 1256 2906 statu,
1280 2814 1532 2914 propelluntur
1549 2840 1569 2886 a
1585 2828 1733 2912 parente

247 2928 439 3015 Lumbrico
464 2930 503 3002 in
523 2930 699 3003 foramina
723 2928 787 3004 ubi
808 2933 1012 3006 substantiis
1035 2932 1293 3032 vegetabilibus
1316 2945 1524 3008 vescuntur.
1557 2934 1614 3004 En
1637 2931 1735 3032 quod

249 3048 336 3123 huic
356 3049 591 3124 observationi
614 3050 734 3125 locum
756 3052 866 3125 dedit.
890 3056 938 3127 28
960 3054 1178 3152 Septembris
1202 3053 1315 3146 1825,
1337 3049 1557 3150 reperiebam
1574 3053 1612 3122 iu
1635 3052 1734 3125 cavi-

249 3181 321 3241 tate
340 3169 493 3241 formata
516 3196 626 3268 prope
648 3171 809 3245 foramen
835 3172 1037 3265 Lumbrici,
1063 3187 1101 3246 et
1122 3171 1185 3248 ubi
1200 3170 1292 3244 nihil
1314 3184 1417 3243 antea
1444 3167 1732 3263 observaveram,

248 3286 329 3363 lere
350 3300 502 3362 stratum
527 3288 740 3382 humidum,
767 3292 879 3365 veluti
901 3293 1101 3367 obductum
1121 3306 1159 3366 et
1181 3291 1375 3364 formatum
1396 3286 1591 3362 substantia
1622 3290 1734 3364 vires-

251 3407 345 3481 centi
363 3408 508 3478 omnino
531 3411 687 3506 speciem
707 3411 900 3485 exhibente
924 3427 1162 3513 cryptogamae
1179 3411 1311 3512 plantae
1341 3409 1528 3507 (Nostocb
1545 3435 1735 3483 commune

252 3526 305 3598 V
299 3526 466 3623 aucha).
487 3528 571 3601 Haec
587 3525 779 3603 substantia
794 3557 866 3603 non
878 3532 948 3604 alte
966 3536 1003 3604 in
1024 3546 1154 3606 terram
1172 3528 1394 3631 penetrabat:
1415 3555 1500 3601 nam
1516 3527 1594 3629 ejus
1608 3529 1734 3603 altitu-

249 3644 371 3721 dinem
391 3642 439 3742 ⁵74
455 3644 561 3718 lineae
577 3649 824 3720 tantummodo
840 3651 1042 3748 adaequasse
1057 3652 1195 3748 opinor.
1216 3651 1258 3720 In
1269 3647 1363 3719 hanc
1378 3647 1547 3720 laminam
1564 3647 1732 3740 viridem,

248 3763 413 3842 videbam
439 3779 605 3864 repentes
626 3767 797 3863 quosdam
819 3768 935 3866 pullos
956 3769 1139 3841 Lumbrici
1161 3766 1386 3866 longitudine
1404 3766 1428 3839 3
1450 3779 1514 3839 aut
1540 3765 1564 3858 4
1589 3765 1730 3840 milliar.

250 3882 499 3958 indubitanter
510 3898 615 3958 nocte
627 3887 1037 3986 fuerantdepositi,nam
1049 3889 1210 3988 pridieet
1221 3886 1368 3986 quidem
1379 3884 1448 3959 aab
1459 3909 1605 3984 vespere
1614 3886 1733 3960 adbuc

250 4003 410 4079 videram
422 4007 611 4078 caritatem
624 4004 687 4078 ubi
700 4007 792 4078 nihil
808 4008 1088 4080 observaveram.
1103 4005 1313 4079 Lumbricos
1325 4005 1554 4102 microscopio
1564 4002 1732 4098 submisi,
1846 4066 1848 4070 ,

210 4163 214 4171 ·
249 4123 388 4197 nnllam
422 4124 604 4197 habebant
634 4129 672 4196 in
708 4151 854 4225 corpore
888 4129 1207 4199 extumesceutiam
1240 4123 1442 4215 risibilem,
1474 4125 1543 4196 nisi
1578 4125 1732 4222 excipias

250 4265 374 4318 versus
392 4243 584 4336 clitellam,
604 4244 666 4317 ubi
686 4246 767 4319 leve
788 4246 978 4320 discrimen
1005 4247 1123 4346 quoad
1147 4248 1362 4320 diametrum
1387 4257 1626 4319 transversum
1652 4246 1732 4316 ani·
1786 4321 1788 4325 ,

249 4363 515 4439 madvertebam
535 4364 626 4462 (fig.
651 4369 668 4435 1
693 4381 730 4438 et
752 4370 787 4438 8.
814 4370 891 4437 tab.
916 4370 1006 4465 X.)

302 4481 421 4580 Caput
444 4496 481 4555 et
509 4497 630 4559 octava
659 4510 740 4582 pars
765 4489 920 4559 anterior
945 4490 1100 4586 corporis
1129 4483 1441 4582 distinguebantur
1471 4482 1587 4555 colore
1616 4480 1732 4553 albido

250 4614 421 4700 argenteo
444 4615 481 4674 et
500 4602 698 4701 pellucid03
727 4603 799 4705 jam
822 4606 1035 4680 cernebatur
1064 4605 1194 4707 canalis
1214 4601 1423 4762 intestinglis
1435 4656 1446 4695 ,
1473 4615 1510 4675 et
1532 4599 1732 4674 secundum

1338 4721 1357 4764 2
