4244 5850
1097 512 1252 613 (176)

478 687 532 760 ct.
567 683 710 756 Willis
732 683 824 782 ipsos
850 682 1005 755 secernit
1029 706 1050 753 a
1073 680 1145 754 suis
1172 675 1387 774 corporibus
1411 675 1670 751 albicantibus
1696 690 1735 751 et
1754 677 1930 751 nonnihil

426 808 618 906 globosis,
647 826 779 901 cosque
807 800 1002 901 appellavit
1030 825 1184 896 corporo
1210 799 1438 894 spermatico
1465 800 1549 896 quia
1577 824 1623 872 ex
1647 800 1698 872 eis
1721 800 1929 899 exprimere

428 927 546 1024 potuit
564 924 743 1022 liquorem
759 920 1017 1011 albescentem,
1036 920 1212 1008 lacteum,
1228 931 1265 990 et
1282 919 1367 1015 quia
1386 920 1426 990 in
1445 919 1612 993 omnibus
1630 920 1833 994 Lumbricis
1850 918 1930 994 ille

428 1058 548 1144 partes
568 1069 641 1116 non
661 1041 788 1116 eodem
810 1041 916 1115 modo
939 1053 1042 1112 eraut
1063 1039 1305 1111 conformatae.
1327 1039 1412 1110 Post
1433 1039 1556 1132 illum,
1579 1040 1743 1140 plerique
1764 1054 1930 1115 auctores

434 1164 644 1237 Testiculos
675 1162 884 1234 habueruut
910 1173 1094 1257 tamquam
1120 1183 1251 1257 organa
1276 1161 1506 1256 spermatiea,
1537 1174 1575 1233 et
1596 1161 1650 1235 Cl.
1679 1163 1806 1235 Home
1833 1165 1931 1260 ipsos

428 1283 566 1382 optime
594 1280 806 1356 observavit.
1824 1384 1826 1387 γ

276 1422 390 1491 Potitio.
438 1458 444 1463 -
479 1401 652 1476 Testiouli
662 1403 737 1477 sive
748 1423 880 1500 organa
895 1401 1106 1499 spermatica
1118 1413 1314 1505 occurrunt
1325 1425 1432 1499 supra
1448 1403 1612 1479 orarium
1628 1416 1666 1478 et
1678 1405 1929 1480 ventriculum

429 1523 566 1597 scilicet
587 1547 711 1598 versus
728 1522 872 1594 tertiam
896 1523 1109 1593 anteriorem
1133 1534 1274 1618 partem
1296 1524 1451 1620 corporis
1462 1576 1472 1614 ,
1489 1537 1527 1595 et
1548 1525 1827 1622 correspondent
1841 1548 1929 1600 cnm

431 1656 558 1744 quarta
580 1644 672 1715 serie
689 1640 975 1714 ventriculorum
996 1655 1033 1712 et
1056 1639 1302 1712 auriculorum
1325 1638 1451 1712 cordis.
1476 1642 1721 1739 Reperiuntur
1739 1644 1834 1721 inter
1855 1644 1930 1719 duo

432 1763 701 1862 diaphragmata
720 1760 994 1860 subsequentia,
1013 1774 1050 1832 et
1065 1784 1207 1858 semper
1227 1760 1361 1858 singuli
1382 1762 1502 1837 ovario
1519 1761 1715 1834 adhaerent.
1736 1762 1931 1837 Lumbrico

431 1889 471 1957 in
505 1883 650 1957 dorsum
674 1897 817 1982 aperto,
841 1895 1039 1967 occurrunt
1060 1907 1185 1956 versus
1211 1893 1393 1971 ventrem,
1427 1893 1464 1953 et
1488 1880 1639 1972 exinde,
1670 1882 1767 1954 infra
1793 1884 1928 1963 avaria.

432 2004 646 2077 Videbimus
667 2004 766 2077 illam
786 2006 997 2102 positionem
1018 2002 1063 2074 ad
1086 2015 1249 2075 ventrem
1275 2002 1422 2072 omnino
1442 2001 1688 2074 fecundationi
1705 2004 1930 2096 ovariorum,

378 2212 381 2217 Ι
433 2125 589 2198 durante
609 2123 855 2221 copulatione,
877 2146 953 2196 esse
972 2122 1151 2194 idoneam.
1175 2121 1404 2194 Collocantur
1418 2122 1457 2192 in
1480 2120 1569 2193 duas
1587 2125 1696 2194 series
1713 2121 1876 2195 laterales
1893 2136 1933 2196 et

432 2243 650 2346 rejiciuntur
677 2241 722 2314 ab
748 2255 905 2340 utroque
919 2242 1043 2314 'latere
1065 2242 1114 2314 ita
1138 2255 1276 2327 utnon
1299 2239 1581 2332 obducantcor,
1614 2265 1682 2315 nec
1709 2267 1836 2334 venas,
1861 2264 1933 2317 uec

434 2362 581 2437 arterias
604 2364 739 2437 ventris
760 2363 854 2461 (fig.
880 2367 916 2433 1.
938 2364 1016 2434 tob.
1037 2362 1087 2435 V
1085 2362 1137 2434 II
1143 2392 1159 2451 ,·
1179 2362 1226 2434 V
1225 2361 1308 2434 III
1312 2391 1329 2450 ,·
1344 2361 1434 2450 IX‚·
1450 2361 1497 2431 X
1504 2413 1518 2447 ‚
1568 2388 1611 2459 g.
1631 2365 1681 2433 10
1700 2376 1740 2435 et
1757 2366 1817 2436 11.
1834 2364 1936 2463 aar.)

208 2523 421 2583 pumma.
487 2481 660 2555 Testiculi
678 2495 834 2581 quatuor
855 2495 1115 2574 numerantur3
1138 2479 1199 2552 sed
1216 2492 1296 2578 post
1312 2485 1450 2551 coitum
1462 2483 1648 2577 pauciores
1663 2495 1937 2582 possuntnepe·⁴

243 2589 384 2670 rationes.
435 2604 512 2678 riri.
535 2604 579 2674 ln
590 2602 805 2676 animalibus
815 2604 962 2674 omnino
978 2601 1181 2674 fecundatis
1194 2600 1318 2673 nullus
1335 2601 1490 2698 amplius
1506 2603 1681 2692 occurrit,
1699 2603 1797 2700 quod
1810 2601 1937 2677 locum

436 2721 546 2797 habet
565 2721 747 2795 mensibus
770 2723 942 2820 Augusti,
970 2722 1189 2822 Septembris
1211 2736 1248 2795 et
1267 2746 1332 2820 per
1354 2723 1532 2820 integram
1553 2722 1733 2822 hyemem.
1982 2811 1986 2819 Ι

287 2880 404 2950 m..
489 2842 635 2942 Organa
656 2854 742 2914 sunt
763 2842 910 2913 omnino
934 2841 1125 2940 sphaerica3
1150 2865 1277 2913 eorum
1299 2839 1473 2914 diameter
1496 2843 1610 2919 variat
1624 2844 1720 2915 inter
1743 2840 1938 2917 dimidium

437 2962 637 3036 millimetri
658 2975 695 3032 et
717 2960 791 3034 duo
816 2959 1034 3034 millimetra.
1058 2962 1160 3060 Saepe
1182 2961 1369 3036 observavi
1393 2961 1576 3035 testiculos
1597 2961 1732 3036 ordinis
1755 2964 1946 3038 mferioria'

438 3083 623 3156 crassiores
649 3105 724 3153 esse
750 3081 1012 3178 superioribus,
1040 3106 1085 3154 ex
1113 3108 1186 3181 quo
1208 3107 1281 3154 non
1309 3084 1490 3156 immerito
1518 3083 1638 3182 colligi
1660 3095 1777 3181 potest
1799 3083 1938 3181 priores

438 3201 611 3274 inservire
640 3198 772 3272 debere
799 3199 1047 3275 fecundationi
1070 3216 1225 3299 quatuor
1245 3205 1448 3277 ovariorum
1469 3204 1683 3278 inferiorum
1704 3228 1786 3302 quoe
1807 3228 1940 3279 occur*

437 3335 527 3396 runt
540 3324 581 3395 in
600 3321 852 3419 dissipimentis
872 3323 1019 3395 omnino
1037 3302 1178 3423 organis
1193 3325 1414 3423 spermaticis
1436 3323 1627 3397 destitutis.
1649 3325 1820 3398 Existunt
1835 3324 1941 3399 enin

440 3443 464 3514 8
486 3442 625 3531 ovaria,
643 3440 667 3530 4
684 3439 728 3512 ab
751 3453 905 3539 utroque
924 3442 1053 3534 latere,
1067 3468 1170 3542 quae,
1187 3447 1346 3543 exceptis
1361 3444 1516 3535 ultimis,
1539 3444 1679 3544 singula
1696 3444 1940 3520 includuntur

439 3561 535 3631 inter
558 3558 630 3630 duo
653 3556 921 3656 diaphragmata
944 3574 981 3631 et
1003 3563 1040 3631 in
1064 3563 1180 3660 spatio
1208 3565 1268 3635 cui
1290 3589 1422 3637 nomen
1445 3565 1681 3662 dissipimenti
1699 3565 1773 3638 sive
1794 3563 1940 3664 dissipi-

440 3679 555 3751 menti
577 3679 767 3752 transversi
795 3677 999 3755 tribuimus.
1027 3683 1139 3780 Atqui
1166 3685 1204 3755 in
1226 3682 1367 3757 duobus
1394 3684 1646 3783 dissipimentis
1673 3684 1938 3784 superioribus,

441 3801 516 3872 sive
538 3823 650 3898 prope
673 3798 745 3872 duo
767 3802 885 3898 priora
908 3805 1048 3895 ovaria,
1074 3808 1272 3878 occurrunt
1294 3807 1318 3897 4
1341 3806 1497 3878 testiculi
1519 3802 1716 3904 dequibus
1734 3806 1938 3905 loquimur,

442 3919 492 3991 ita
511 3931 555 3991 ut
575 3916 648 3991 duo
671 3919 797 3992 ultima
818 3923 937 3998 ovaria
959 3921 1015 4011 his
1040 3929 1181 4025 organis
1201 3930 1348 4000 omnino
1374 3927 1629 4001 destituantur.
1886 3924 1892 3935 ’

216 4075 443 4138 mmmmm,
494 4039 667 4112 Testiculi
691 4043 836 4115 omnino
859 4058 944 4116 sunt
970 4049 1159 4146 superficie
1181 4049 1306 4142 liberi,
1335 4061 1485 4145 excepto
1508 4073 1583 4119 uno
1604 4046 1716 4118 latere
1743 4043 1807 4118 ubi
1835 4043 1942 4119 suni-

445 4158 548 4233 culus
570 4161 724 4257 exiguus
751 4186 860 4259 quem
888 4191 1018 4241 cavum
1050 4169 1174 4260 credo,
1203 4170 1297 4268 ipsos
1327 4194 1411 4241 cum
1439 4166 1647 4240 membrana
1676 4163 1942 4239 submusculari

218 4317 329 4374 emp,
356 4315 429 4372 tete
445 4278 645 4382 conjungit
671 4280 736 4352 Ille
762 4282 972 4377 funiculus,
1000 4290 1063 4385 qui
1091 4302 1275 4388 tamquam
1297 4285 1626 4385 ductus-deferens
1654 4283 1779 4357 haberi
1800 4297 1940 4383 posset,

271 4401 343 4441 '⁰¹¹⁸‘
445 4400 653 4474 extenditur
674 4424 791 4500 usque
812 4402 880 4476 sub
896 4408 1015 4481 ovorio
1033 4409 1342 4508 correspondenti‚
1360 4433 1518 4507 quocum
1540 4405 1645 4508 jungi
1664 4404 1820 4479 videtur.
1842 4402 1942 4477 Fila-

425 4621 427 4627 *
446 4536 610 4598 mentum
633 4521 880 4599 testiculorum
895 4527 1109 4604 inferiorum
1128 4530 1529 4637 ulteriuslcontinuatur
1543 4540 1581 4602 et
1597 4525 1841 4601 communicat
1855 4548 1944 4625 oum
