<?xml version="1.0" encoding="UTF-8"?>
<!DOCTYPE html PUBLIC "-//W3C//DTD XHTML 1.0 Transitional//EN"
    "http://www.w3.org/TR/xhtml1/DTD/xhtml1-transitional.dtd">
<html xmlns="http://www.w3.org/1999/xhtml" xml:lang="en" lang="en">
 <head>
  <title>
</title>
<meta http-equiv="Content-Type" content="text/html;charset=utf-8" />
  <meta name='ocr-system' content='tesseract 3.04.00' />
  <meta name='ocr-capabilities' content='ocr_page ocr_carea ocr_par ocr_line ocrx_word'/>
</head>
<body>
  <div class='ocr_page' id='page_1' title='image "./delumbriciterre00morrgoog_0017.png"; bbox 0 0 4244 5850; ppageno 0'>
   <div class='ocr_carea' id='block_1_1' title="bbox 261 488 1923 4771">
    <p class='ocr_par' dir='ltr' id='par_1_1' title="bbox 996 488 1113 583">
     <span class='ocr_line' id='line_1_1' title="bbox 996 488 1113 583; baseline 0 0"><span class='ocrx_word' id='word_1_1' title='bbox 996 488 1009 583; x_wconf 85' lang='lat'>(</span> <span class='ocrx_word' id='word_1_2' title='bbox 1035 507 1073 559; x_wconf 61' lang='lat'><strong>¹⁸</strong></span> <span class='ocrx_word' id='word_1_3' title='bbox 1099 489 1113 583; x_wconf 88' lang='lat'>)</span> 
     </span>
    </p>

    <p class='ocr_par' dir='ltr' id='par_1_2' title="bbox 261 625 1923 2928">
     <span class='ocr_line' id='line_1_2' title="bbox 280 625 1827 735; baseline 0.003 -30"><span class='ocrx_word' id='word_1_4' title='bbox 280 654 497 706; x_wconf 88' lang='lat' dir='ltr'><strong>numerosas</strong></span> <span class='ocrx_word' id='word_1_5' title='bbox 516 655 644 703; x_wconf 90' lang='lat' dir='ltr'><strong>earum</strong></span> <span class='ocrx_word' id='word_1_6' title='bbox 667 625 803 728; x_wconf 87' lang='lat' dir='ltr'><strong>effigies</strong></span> <span class='ocrx_word' id='word_1_7' title='bbox 824 626 962 728; x_wconf 88' lang='lat' dir='ltr'><strong>quibus</strong></span> <span class='ocrx_word' id='word_1_8' title='bbox 985 628 1070 703; x_wconf 90' lang='lat' dir='ltr'><strong>licet</strong></span> <span class='ocrx_word' id='word_1_9' title='bbox 1092 625 1238 727; x_wconf 88' lang='lat' dir='ltr'><strong>singula</strong></span> <span class='ocrx_word' id='word_1_10' title='bbox 1261 628 1455 703; x_wconf 92' lang='lat' dir='ltr'><strong>individua</strong></span> <span class='ocrx_word' id='word_1_11' title='bbox 1471 630 1518 703; x_wconf 89' lang='lat' dir='ltr'><strong>ad</strong></span> <span class='ocrx_word' id='word_1_12' title='bbox 1539 654 1645 706; x_wconf 91' lang='lat' dir='ltr'><strong>suam</strong></span> <span class='ocrx_word' id='word_1_13' title='bbox 1668 639 1827 735; x_wconf 88' lang='lat' dir='ltr'><strong>speciem</strong></span> 
     </span>
     <span class='ocr_line' id='line_1_3' title="bbox 261 745 1826 849; baseline -0.001 -25"><span class='ocrx_word' id='word_1_14' title='bbox 261 749 416 824; x_wconf 80' lang='lat' dir='ltr'><strong>&#39;referre</strong></span> <span class='ocrx_word' id='word_1_15' title='bbox 434 745 584 847; x_wconf 88' lang='lat' dir='ltr'><strong>qualem</strong></span> <span class='ocrx_word' id='word_1_16' title='bbox 607 747 769 821; x_wconf 83' lang='lat' dir='ltr'><strong>admittit</strong></span> <span class='ocrx_word' id='word_1_17' title='bbox 793 745 846 822; x_wconf 89' lang='lat' dir='ltr'><strong>Cl.</strong></span> <span class='ocrx_word' id='word_1_18' title='bbox 873 748 997 846; x_wconf 70' lang='lat' dir='ltr'><strong>Dagis.</strong></span> <span class='ocrx_word' id='word_1_19' title='bbox 1016 749 1083 820; x_wconf 87' lang='lat' dir='ltr'><strong>Sic.</strong></span> <span class='ocrx_word' id='word_1_20' title='bbox 1106 771 1141 818; x_wconf 84' lang='lat' dir='ltr'><strong>v.</strong></span> <span class='ocrx_word' id='word_1_21' title='bbox 1160 769 1191 815; x_wconf 83' lang='lat' dir='ltr'><strong>c.</strong></span> <span class='ocrx_word' id='word_1_22' title='bbox 1212 747 1348 843; x_wconf 90' lang='lat' dir='ltr'><strong>specics</strong></span> <span class='ocrx_word' id='word_1_23' title='bbox 1365 769 1449 843; x_wconf 84' lang='lat' dir='ltr'><strong>quae</strong></span> <span class='ocrx_word' id='word_1_24' title='bbox 1461 762 1619 821; x_wconf 87' lang='lat' dir='ltr'><strong>vocatur</strong></span> <span class='ocrx_word' id='word_1_25' title='bbox 1637 751 1677 822; x_wconf 89' lang='lat' dir='ltr'><strong>L.</strong></span> <span class='ocrx_word' id='word_1_26' title='bbox 1704 751 1826 849; x_wconf 71' lang='lat' dir='ltr'><strong>Gigas,</strong></span> 
     </span>
     <span class='ocr_line' id='line_1_4' title="bbox 279 858 1827 964; baseline -0.001 -24"><span class='ocrx_word' id='word_1_27' title='bbox 279 892 321 941; x_wconf 87' lang='lat' dir='ltr'><strong>ca</strong></span> <span class='ocrx_word' id='word_1_28' title='bbox 350 880 404 939; x_wconf 91' lang='lat' dir='ltr'><strong>est</strong></span> <span class='ocrx_word' id='word_1_29' title='bbox 428 864 475 939; x_wconf 87' lang='lat' dir='ltr'><strong>ad</strong></span> <span class='ocrx_word' id='word_1_30' title='bbox 499 890 613 963; x_wconf 94' lang='lat' dir='ltr'><strong>quam</strong></span> <span class='ocrx_word' id='word_1_31' title='bbox 636 863 851 937; x_wconf 87' lang='lat' dir='ltr'><strong>referuntur</strong></span> <span class='ocrx_word' id='word_1_32' title='bbox 875 861 951 934; x_wconf 75' lang='lat' dir='ltr'><strong>fere</strong></span> <span class='ocrx_word' id='word_1_33' title='bbox 976 885 1105 935; x_wconf 91' lang='lat' dir='ltr'><strong>omnes</strong></span> <span class='ocrx_word' id='word_1_34' title='bbox 1131 859 1484 952; x_wconf 90' lang='lat' dir='ltr'><strong>animadversiones,</strong></span> <span class='ocrx_word' id='word_1_35' title='bbox 1511 862 1692 964; x_wconf 89' lang='lat' dir='ltr'><strong>cujusque</strong></span> <span class='ocrx_word' id='word_1_36' title='bbox 1717 858 1827 941; x_wconf 87' lang='lat' dir='ltr'><strong>etiam</strong></span> 
     </span>
     <span class='ocr_line' id='line_1_5' title="bbox 280 976 1918 1082; baseline 0.001 -28"><span class='ocrx_word' id='word_1_37' title='bbox 280 978 399 1082; x_wconf 89' lang='lat' dir='ltr'><strong>figura</strong></span> <span class='ocrx_word' id='word_1_38' title='bbox 428 986 468 1054; x_wconf 94' lang='lat' dir='ltr'><strong>in</strong></span> <span class='ocrx_word' id='word_1_39' title='bbox 497 983 614 1079; x_wconf 89' lang='lat' dir='ltr'><strong>capite</strong></span> <span class='ocrx_word' id='word_1_40' title='bbox 641 976 810 1079; x_wconf 88' lang='lat' dir='ltr'><strong>opusculi</strong></span> <span class='ocrx_word' id='word_1_41' title='bbox 837 1002 1003 1077; x_wconf 88' lang='lat' dir='ltr'><strong>expressa</strong></span> <span class='ocrx_word' id='word_1_42' title='bbox 1028 990 1100 1067; x_wconf 92' lang='lat' dir='ltr'><strong>est,</strong></span> <span class='ocrx_word' id='word_1_43' title='bbox 1129 1001 1245 1072; x_wconf 92' lang='lat' dir='ltr'><strong>quam</strong></span> <span class='ocrx_word' id='word_1_44' title='bbox 1276 979 1485 1049; x_wconf 84' lang='lat' dir='ltr'><strong>cautionem</strong></span> <span class='ocrx_word' id='word_1_45' title='bbox 1513 983 1673 1079; x_wconf 89' lang='lat' dir='ltr'><strong>quisque</strong></span> <span class='ocrx_word' id='word_1_46' title='bbox 1698 997 1829 1056; x_wconf 84' lang='lat' dir='ltr'><strong>auctor</strong></span> <span class='ocrx_word' id='word_1_47' title='bbox 1916 993 1918 998; x_wconf 87' lang='grc'><strong>’</strong></span> 
     </span>
     <span class='ocr_line' id='line_1_6' title="bbox 280 1088 1923 1199; baseline 0 -28"><span class='ocrx_word' id='word_1_48' title='bbox 280 1100 402 1199; x_wconf 89' lang='lat' dir='ltr'><strong>operis</strong></span> <span class='ocrx_word' id='word_1_49' title='bbox 419 1099 613 1169; x_wconf 88' lang='lat' dir='ltr'><strong>anatomiae</strong></span> <span class='ocrx_word' id='word_1_50' title='bbox 630 1106 849 1193; x_wconf 76' lang='lat' dir='ltr'><strong>comparatae</strong></span> <span class='ocrx_word' id='word_1_51' title='bbox 865 1096 1066 1166; x_wconf 79' lang='lat' dir='ltr'><strong>necessario</strong></span> <span class='ocrx_word' id='word_1_52' title='bbox 1077 1088 1252 1164; x_wconf 89' lang='lat' dir='ltr'><strong>adbibere</strong></span> <span class='ocrx_word' id='word_1_53' title='bbox 1269 1088 1379 1164; x_wconf 90' lang='lat' dir='ltr'><strong>debet</strong></span> <span class='ocrx_word' id='word_1_54' title='bbox 1393 1118 1441 1165; x_wconf 93' lang='lat' dir='ltr'><strong>ne</strong></span> <span class='ocrx_word' id='word_1_55' title='bbox 1456 1097 1542 1191; x_wconf 93' lang='lat' dir='ltr'><strong>quis</strong></span> <span class='ocrx_word' id='word_1_56' title='bbox 1553 1100 1694 1168; x_wconf 91' lang='lat' dir='ltr'><strong>oriatur</strong></span> <span class='ocrx_word' id='word_1_57' title='bbox 1709 1121 1825 1171; x_wconf 88' lang='lat' dir='ltr'><strong>error.</strong></span> <span class='ocrx_word' id='word_1_58' title='bbox 1905 1139 1923 1148; x_wconf 80' lang='lat'><strong>-</strong></span> 
     </span>
     <span class='ocr_line' id='line_1_7' title="bbox 280 1199 1828 1313; baseline -0.001 -27"><span class='ocrx_word' id='word_1_59' title='bbox 280 1215 366 1286; x_wconf 86' lang='lat' dir='ltr'><strong>Haec</strong></span> <span class='ocrx_word' id='word_1_60' title='bbox 383 1218 471 1288; x_wconf 82' lang='lat' dir='ltr'><strong>verb</strong></span> <span class='ocrx_word' id='word_1_61' title='bbox 489 1214 625 1312; x_wconf 89' lang='lat' dir='ltr'><strong>species</strong></span> <span class='ocrx_word' id='word_1_62' title='bbox 639 1234 718 1281; x_wconf 93' lang='lat' dir='ltr'><strong>non</strong></span> <span class='ocrx_word' id='word_1_63' title='bbox 734 1223 788 1281; x_wconf 88' lang='lat' dir='ltr'><strong>est</strong></span> <span class='ocrx_word' id='word_1_64' title='bbox 803 1211 913 1290; x_wconf 89' lang='lat' dir='ltr'><strong>unica</strong></span> <span class='ocrx_word' id='word_1_65' title='bbox 929 1212 989 1280; x_wconf 90' lang='lat' dir='ltr'><strong>cui</strong></span> <span class='ocrx_word' id='word_1_66' title='bbox 1004 1233 1155 1307; x_wconf 87' lang='lat' dir='ltr'><strong>operam</strong></span> <span class='ocrx_word' id='word_1_67' title='bbox 1173 1199 1303 1280; x_wconf 83' lang='lat' dir='ltr'><strong>navavi</strong></span> <span class='ocrx_word' id='word_1_68' title='bbox 1321 1224 1358 1278; x_wconf 92' lang='lat' dir='ltr'><strong>et</strong></span> <span class='ocrx_word' id='word_1_69' title='bbox 1374 1234 1487 1307; x_wconf 91' lang='lat' dir='ltr'><strong>quam</strong></span> <span class='ocrx_word' id='word_1_70' title='bbox 1500 1208 1680 1287; x_wconf 90' lang='lat' dir='ltr'><strong>delineavi</strong></span> <span class='ocrx_word' id='word_1_71' title='bbox 1689 1241 1699 1302; x_wconf 80' lang='lat'>3</span> <span class='ocrx_word' id='word_1_72' title='bbox 1717 1227 1828 1313; x_wconf 81' lang='lat' dir='ltr'><strong>atque</strong></span> 
     </span>
     <span class='ocr_line' id='line_1_8' title="bbox 281 1319 1897 1427; baseline 0.001 -26"><span class='ocrx_word' id='word_1_73' title='bbox 281 1328 371 1402; x_wconf 88' lang='lat' dir='ltr'><strong>adeo</strong></span> <span class='ocrx_word' id='word_1_74' title='bbox 398 1330 626 1427; x_wconf 85' lang='lat' dir='ltr'><strong>quicumque</strong></span> <span class='ocrx_word' id='word_1_75' title='bbox 656 1319 881 1424; x_wconf 91' lang='lat' dir='ltr'><strong>opusculum</strong></span> <span class='ocrx_word' id='word_1_76' title='bbox 906 1347 1033 1397; x_wconf 88' lang='lat' dir='ltr'><strong>meum</strong></span> <span class='ocrx_word' id='word_1_77' title='bbox 1058 1349 1145 1396; x_wconf 93' lang='lat' dir='ltr'><strong>cum</strong></span> <span class='ocrx_word' id='word_1_78' title='bbox 1171 1325 1380 1421; x_wconf 90' lang='lat' dir='ltr'><strong>Dugesiano</strong></span> <span class='ocrx_word' id='word_1_79' title='bbox 1406 1323 1657 1426; x_wconf 85' lang='lat' dir='ltr'><strong>comparabit,</strong></span> <span class='ocrx_word' id='word_1_80' title='bbox 1686 1329 1827 1403; x_wconf 91' lang='lat' dir='ltr'><strong>mirum</strong></span> <span class='ocrx_word' id='word_1_81' title='bbox 1895 1339 1897 1343; x_wconf 78' lang='grc'>’</span> 
     </span>
     <span class='ocr_line' id='line_1_9' title="bbox 281 1437 1824 1542; baseline 0.001 -26"><span class='ocrx_word' id='word_1_82' title='bbox 281 1443 373 1542; x_wconf 93' lang='lat' dir='ltr'><strong>quid</strong></span> <span class='ocrx_word' id='word_1_83' title='bbox 396 1441 655 1516; x_wconf 89' lang='lat' dir='ltr'><strong>animadvertit</strong></span> <span class='ocrx_word' id='word_1_84' title='bbox 680 1473 687 1513; x_wconf 92' lang='lat'><strong>:</strong></span> <span class='ocrx_word' id='word_1_85' title='bbox 712 1464 802 1512; x_wconf 88' lang='lat' dir='ltr'><strong>meae</strong></span> <span class='ocrx_word' id='word_1_86' title='bbox 826 1437 960 1512; x_wconf 91' lang='lat' dir='ltr'><strong>scilicet</strong></span> <span class='ocrx_word' id='word_1_87' title='bbox 983 1443 1107 1511; x_wconf 90' lang='lat' dir='ltr'><strong>icones</strong></span> <span class='ocrx_word' id='word_1_88' title='bbox 1127 1437 1368 1537; x_wconf 85' lang='lat' dir='ltr'><strong>descriptioni</strong></span> <span class='ocrx_word' id='word_1_89' title='bbox 1392 1442 1597 1513; x_wconf 87' lang='lat' dir='ltr'><strong>inserviunt</strong></span> <span class='ocrx_word' id='word_1_90' title='bbox 1627 1445 1748 1542; x_wconf 83' lang='lat' dir='ltr'><strong>operis</strong></span> <span class='ocrx_word' id='word_1_91' title='bbox 1770 1441 1824 1521; x_wconf 90' lang='lat' dir='ltr'><strong>Cl.</strong></span> 
     </span>
     <span class='ocr_line' id='line_1_10' title="bbox 282 1553 1827 1660; baseline 0.001 -27"><span class='ocrx_word' id='word_1_92' title='bbox 282 1563 413 1659; x_wconf 72' lang='lat' dir='ltr'><strong>Dagis,</strong></span> <span class='ocrx_word' id='word_1_93' title='bbox 433 1573 469 1631; x_wconf 89' lang='lat' dir='ltr'><strong>et</strong></span> <span class='ocrx_word' id='word_1_94' title='bbox 485 1560 564 1660; x_wconf 80' lang='lat' dir='ltr'><strong>ejus</strong></span> <span class='ocrx_word' id='word_1_95' title='bbox 578 1559 842 1656; x_wconf 84' lang='lat' dir='ltr'><strong>descriptiones</strong></span> <span class='ocrx_word' id='word_1_96' title='bbox 859 1580 957 1629; x_wconf 87' lang='lat' dir='ltr'><strong>meas</strong></span> <span class='ocrx_word' id='word_1_97' title='bbox 978 1553 1162 1655; x_wconf 86' lang='lat' dir='ltr'><strong>explicant</strong></span> <span class='ocrx_word' id='word_1_98' title='bbox 1184 1558 1318 1627; x_wconf 91' lang='lat' dir='ltr'><strong>icones.</strong></span> <span class='ocrx_word' id='word_1_99' title='bbox 1337 1557 1404 1628; x_wconf 90' lang='lat' dir='ltr'><strong>Sic.</strong></span> <span class='ocrx_word' id='word_1_100' title='bbox 1423 1583 1457 1631; x_wconf 87' lang='lat' dir='ltr'><strong>v.</strong></span> <span class='ocrx_word' id='word_1_101' title='bbox 1476 1581 1507 1629; x_wconf 91' lang='lat' dir='ltr'><strong>c.</strong></span> <span class='ocrx_word' id='word_1_102' title='bbox 1528 1555 1589 1628; x_wconf 91' lang='lat' dir='ltr'><strong>ille</strong></span> <span class='ocrx_word' id='word_1_103' title='bbox 1605 1555 1827 1634; x_wconf 89' lang='lat' dir='ltr'><strong>clarissimus</strong></span> 
     </span>
     <span class='ocr_line' id='line_1_11' title="bbox 280 1667 1828 1773; baseline 0 -24"><span class='ocrx_word' id='word_1_104' title='bbox 280 1691 410 1750; x_wconf 92' lang='lat' dir='ltr'><strong>auctor</strong></span> <span class='ocrx_word' id='word_1_105' title='bbox 428 1673 532 1759; x_wconf 62' lang='lat' dir='ltr'><strong>‚dicit</strong></span> <span class='ocrx_word' id='word_1_106' title='bbox 559 1671 792 1747; x_wconf 68' lang='lat' dir='ltr'><strong>Lansbricam,</strong></span> <span class='ocrx_word' id='word_1_107' title='bbox 811 1669 1075 1773; x_wconf 65' lang='lat' dir='ltr'><strong>amphisbaenam</strong></span> <span class='ocrx_word' id='word_1_108' title='bbox 1101 1667 1237 1743; x_wconf 89' lang='lat' dir='ltr'><strong>hahere</strong></span> <span class='ocrx_word' id='word_1_109' title='bbox 1264 1669 1341 1744; x_wconf 92' lang='lat' dir='ltr'><strong>duo</strong></span> <span class='ocrx_word' id='word_1_110' title='bbox 1375 1667 1634 1772; x_wconf 76' lang='lat' dir='ltr'><strong>hemisphaeria</strong></span> <span class='ocrx_word' id='word_1_111' title='bbox 1667 1671 1828 1749; x_wconf 85' lang='lat' dir='ltr'><strong>lateralia</strong></span> 
     </span>
     <span class='ocr_line' id='line_1_12' title="bbox 280 1783 1827 1890; baseline -0.001 -26"><span class='ocrx_word' id='word_1_112' title='bbox 280 1789 397 1865; x_wconf 91' lang='lat' dir='ltr'><strong>oculis</strong></span> <span class='ocrx_word' id='word_1_113' title='bbox 413 1794 653 1890; x_wconf 88' lang='lat' dir='ltr'><strong>Dipterorum</strong></span> <span class='ocrx_word' id='word_1_114' title='bbox 670 1788 865 1863; x_wconf 92' lang='lat' dir='ltr'><strong>simillima.</strong></span> <span class='ocrx_word' id='word_1_115' title='bbox 883 1790 997 1886; x_wconf 87' lang='lat' dir='ltr'><strong>Atqui</strong></span> <span class='ocrx_word' id='word_1_116' title='bbox 1016 1789 1100 1885; x_wconf 92' lang='lat' dir='ltr'><strong>quis</strong></span> <span class='ocrx_word' id='word_1_117' title='bbox 1116 1784 1186 1858; x_wconf 93' lang='lat' dir='ltr'><strong>illis</strong></span> <span class='ocrx_word' id='word_1_118' title='bbox 1202 1783 1323 1861; x_wconf 89' lang='lat' dir='ltr'><strong>verbis</strong></span> <span class='ocrx_word' id='word_1_119' title='bbox 1339 1811 1418 1858; x_wconf 94' lang='lat' dir='ltr'><strong>non</strong></span> <span class='ocrx_word' id='word_1_120' title='bbox 1430 1792 1659 1886; x_wconf 83' lang='lat' dir='ltr'><strong>recognoscit</strong></span> <span class='ocrx_word' id='word_1_121' title='bbox 1675 1787 1827 1890; x_wconf 89' lang='lat' dir='ltr'><strong>disposi-</strong></span> 
     </span>
     <span class='ocr_line' id='line_1_13' title="bbox 281 1897 1831 2007; baseline -0.001 -26"><span class='ocrx_word' id='word_1_122' title='bbox 281 1911 422 1981; x_wconf 89' lang='lat' dir='ltr'><strong>tionem</strong></span> <span class='ocrx_word' id='word_1_123' title='bbox 439 1909 650 2007; x_wconf 89' lang='lat' dir='ltr'><strong>organicam</strong></span> <span class='ocrx_word' id='word_1_124' title='bbox 667 1903 906 1994; x_wconf 92' lang='lat' dir='ltr'><strong>delineatam,</strong></span> <span class='ocrx_word' id='word_1_125' title='bbox 923 1900 996 1976; x_wconf 87' lang='lat' dir='ltr'><strong>tab.</strong></span> <span class='ocrx_word' id='word_1_126' title='bbox 1015 1905 1085 1991; x_wconf 94' lang='lat' dir='ltr'><strong>lIl,</strong></span> <span class='ocrx_word' id='word_1_127' title='bbox 1105 1897 1165 1999; x_wconf 86' lang='lat' dir='ltr'><strong>fig.</strong></span> <span class='ocrx_word' id='word_1_128' title='bbox 1186 1897 1228 1989; x_wconf 72' lang='lat' dir='ltr'><strong>tl,</strong></span> <span class='ocrx_word' id='word_1_129' title='bbox 1247 1899 1265 1974; x_wconf 91' lang='lat'><strong>5</strong></span> <span class='ocrx_word' id='word_1_130' title='bbox 1284 1915 1320 1973; x_wconf 94' lang='lat' dir='ltr'><strong>et</strong></span> <span class='ocrx_word' id='word_1_131' title='bbox 1339 1929 1374 2003; x_wconf 82' lang='lat'><strong>7,</strong></span> <span class='ocrx_word' id='word_1_132' title='bbox 1394 1901 1721 1976; x_wconf 90' lang='lat' dir='ltr'><strong>animadvertendo</strong></span> <span class='ocrx_word' id='word_1_133' title='bbox 1738 1906 1831 1993; x_wconf 24' lang='lat' dir='ltr'><strong>inci-</strong></span> 
     </span>
     <span class='ocr_line' id='line_1_14' title="bbox 280 2012 1828 2117; baseline 0.001 -25"><span class='ocrx_word' id='word_1_134' title='bbox 280 2022 367 2092; x_wconf 81' lang='lat' dir='ltr'><strong>sura</strong></span> <span class='ocrx_word' id='word_1_135' title='bbox 391 2046 410 2091; x_wconf 87' lang='lat' dir='ltr'><strong>e</strong></span> <span class='ocrx_word' id='word_1_136' title='bbox 433 2022 474 2091; x_wconf 93' lang='lat' dir='ltr'><strong>in</strong></span> <span class='ocrx_word' id='word_1_137' title='bbox 495 2013 605 2091; x_wconf 91' lang='lat' dir='ltr'><strong>hacce</strong></span> <span class='ocrx_word' id='word_1_138' title='bbox 631 2012 763 2089; x_wconf 71' lang='lat' dir='ltr'><strong>ultima</strong></span> <span class='ocrx_word' id='word_1_139' title='bbox 787 2013 927 2113; x_wconf 76' lang='lat' dir='ltr'><strong>figura,</strong></span> <span class='ocrx_word' id='word_1_140' title='bbox 954 2020 1112 2114; x_wconf 91' lang='lat' dir='ltr'><strong>speciem</strong></span> <span class='ocrx_word' id='word_1_141' title='bbox 1138 2014 1384 2088; x_wconf 89' lang='lat' dir='ltr'><strong>determinare</strong></span> <span class='ocrx_word' id='word_1_142' title='bbox 1406 2014 1636 2090; x_wconf 79' lang='lat' dir='ltr'><strong>limitationis</strong></span> <span class='ocrx_word' id='word_1_143' title='bbox 1659 2042 1828 2117; x_wconf 86' lang='lat' dir='ltr'><strong>segmen·</strong></span> 
     </span>
     <span class='ocr_line' id='line_1_15' title="bbox 281 2119 1827 2233; baseline 0.003 -28"><span class='ocrx_word' id='word_1_144' title='bbox 281 2150 429 2224; x_wconf 90' lang='lat' dir='ltr'><strong>torum,</strong></span> <span class='ocrx_word' id='word_1_145' title='bbox 447 2137 498 2207; x_wconf 93' lang='lat' dir='ltr'><strong>ita</strong></span> <span class='ocrx_word' id='word_1_146' title='bbox 518 2147 562 2206; x_wconf 91' lang='lat' dir='ltr'><strong>ut</strong></span> <span class='ocrx_word' id='word_1_147' title='bbox 578 2131 745 2208; x_wconf 88' lang='lat' dir='ltr'><strong>videatur</strong></span> <span class='ocrx_word' id='word_1_148' title='bbox 765 2133 944 2228; x_wconf 77' lang='lat' dir='ltr'><strong>tanquam</strong></span> <span class='ocrx_word' id='word_1_149' title='bbox 968 2131 1174 2205; x_wconf 86' lang='lat' dir='ltr'><strong>secundum</strong></span> <span class='ocrx_word' id='word_1_150' title='bbox 1193 2148 1424 2230; x_wconf 77' lang='lat' dir='ltr'><strong>segmentum</strong></span> <span class='ocrx_word' id='word_1_151' title='bbox 1448 2159 1531 2233; x_wconf 90' lang='lat' dir='ltr'><strong>pars</strong></span> <span class='ocrx_word' id='word_1_152' title='bbox 1547 2119 1615 2206; x_wconf 83' lang='lat' dir='ltr'><strong>ubi</strong></span> <span class='ocrx_word' id='word_1_153' title='bbox 1636 2138 1827 2212; x_wconf 85' lang='lat' dir='ltr'><strong>invenitur</strong></span> 
     </span>
     <span class='ocr_line' id='line_1_16' title="bbox 281 2244 1826 2349; baseline 0.003 -28"><span class='ocrx_word' id='word_1_154' title='bbox 281 2245 587 2349; x_wconf 86' lang='lat' dir='ltr'><strong>hemisphaerium</strong></span> <span class='ocrx_word' id='word_1_155' title='bbox 597 2249 630 2320; x_wconf 86' lang='lat' dir='ltr'><strong>d.</strong></span> <span class='ocrx_word' id='word_1_156' title='bbox 642 2245 752 2321; x_wconf 87' lang='lat' dir='ltr'><strong>Haud</strong></span> <span class='ocrx_word' id='word_1_157' title='bbox 762 2271 864 2319; x_wconf 90' lang='lat' dir='ltr'><strong>secus</strong></span> <span class='ocrx_word' id='word_1_158' title='bbox 875 2244 1025 2318; x_wconf 86' lang='lat' dir='ltr'><strong>distinxi</strong></span> <span class='ocrx_word' id='word_1_159' title='bbox 1034 2250 1246 2320; x_wconf 89' lang='lat' dir='ltr'><strong>varietatem</strong></span> <span class='ocrx_word' id='word_1_160' title='bbox 1256 2247 1359 2321; x_wconf 75' lang='lat' dir='ltr'><strong>valde</strong></span> <span class='ocrx_word' id='word_1_161' title='bbox 1371 2247 1619 2348; x_wconf 88' lang='lat' dir='ltr'><strong>spectabilem,</strong></span> <span class='ocrx_word' id='word_1_162' title='bbox 1632 2265 1669 2323; x_wconf 89' lang='lat' dir='ltr'><strong>et</strong></span> <span class='ocrx_word' id='word_1_163' title='bbox 1684 2253 1725 2322; x_wconf 92' lang='lat' dir='ltr'><strong>in</strong></span> <span class='ocrx_word' id='word_1_164' title='bbox 1742 2275 1826 2326; x_wconf 87' lang='lat' dir='ltr'><strong>meo</strong></span> 
     </span>
     <span class='ocr_line' id='line_1_17' title="bbox 279 2357 1827 2465; baseline 0.003 -27"><span class='ocrx_word' id='word_1_165' title='bbox 279 2363 460 2464; x_wconf 90' lang='lat' dir='ltr'><strong>opusculo</strong></span> <span class='ocrx_word' id='word_1_166' title='bbox 475 2369 593 2464; x_wconf 89' lang='lat' dir='ltr'><strong>ipsam</strong></span> <span class='ocrx_word' id='word_1_167' title='bbox 610 2361 806 2450; x_wconf 90' lang='lat' dir='ltr'><strong>delineavi‚</strong></span> <span class='ocrx_word' id='word_1_168' title='bbox 821 2357 881 2460; x_wconf 87' lang='lat' dir='ltr'><strong>fig.</strong></span> <span class='ocrx_word' id='word_1_169' title='bbox 900 2386 941 2450; x_wconf 87' lang='lat'><strong>2,</strong></span> <span class='ocrx_word' id='word_1_170' title='bbox 960 2358 1032 2432; x_wconf 89' lang='lat' dir='ltr'><strong>tab.</strong></span> <span class='ocrx_word' id='word_1_171' title='bbox 1054 2365 1082 2434; x_wconf 92' lang='grc' dir='ltr'><strong>Ι.</strong></span> <span class='ocrx_word' id='word_1_172' title='bbox 1100 2364 1232 2461; x_wconf 80' lang='lat' dir='ltr'><strong>Atqui,</strong></span> <span class='ocrx_word' id='word_1_173' title='bbox 1253 2368 1374 2463; x_wconf 89' lang='lat' dir='ltr'><strong>primo</strong></span> <span class='ocrx_word' id='word_1_174' title='bbox 1386 2380 1533 2465; x_wconf 91' lang='lat' dir='ltr'><strong>aspectu</strong></span> <span class='ocrx_word' id='word_1_175' title='bbox 1549 2370 1827 2465; x_wconf 79' lang='lat' dir='ltr'><strong>recognoscitur</strong></span> 
     </span>
     <span class='ocr_line' id='line_1_18' title="bbox 280 2466 1825 2581; baseline 0.004 -28"><span class='ocrx_word' id='word_1_176' title='bbox 280 2485 433 2556; x_wconf 86' lang='lat' dir='ltr'><strong>varietas</strong></span> <span class='ocrx_word' id='word_1_177' title='bbox 451 2484 520 2554; x_wconf 84' lang='lat' dir='ltr'><strong>ista</strong></span> <span class='ocrx_word' id='word_1_178' title='bbox 540 2504 609 2581; x_wconf 91' lang='lat' dir='ltr'><strong>pro</strong></span> <span class='ocrx_word' id='word_1_179' title='bbox 626 2482 745 2580; x_wconf 89' lang='lat' dir='ltr'><strong>specie</strong></span> <span class='ocrx_word' id='word_1_180' title='bbox 761 2481 811 2549; x_wconf 90' lang='lat' dir='ltr'><strong>sic</strong></span> <span class='ocrx_word' id='word_1_181' title='bbox 833 2475 930 2549; x_wconf 82' lang='lat' dir='ltr'><strong>dicta</strong></span> <span class='ocrx_word' id='word_1_182' title='bbox 943 2477 984 2548; x_wconf 89' lang='lat' dir='ltr'><strong>L.</strong></span> <span class='ocrx_word' id='word_1_183' title='bbox 1003 2483 1211 2550; x_wconf 80' lang='lat' dir='ltr'><strong>anatomicos</strong></span> <span class='ocrx_word' id='word_1_184' title='bbox 1237 2484 1259 2551; x_wconf 77' lang='lat' dir='ltr'><strong>a</strong></span> <span class='ocrx_word' id='word_1_185' title='bbox 1280 2478 1334 2555; x_wconf 87' lang='lat' dir='ltr'><strong>Cl.</strong></span> <span class='ocrx_word' id='word_1_186' title='bbox 1352 2482 1476 2580; x_wconf 71' lang='lat' dir='ltr'><strong>Dagis.</strong></span> <span class='ocrx_word' id='word_1_187' title='bbox 1495 2466 1610 2556; x_wconf 67' lang='lat' dir='ltr'><strong>Valde</strong></span> <span class='ocrx_word' id='word_1_188' title='bbox 1626 2480 1759 2556; x_wconf 86' lang='lat' dir='ltr'><strong>dubito</strong></span> <span class='ocrx_word' id='word_1_189' title='bbox 1775 2508 1825 2560; x_wconf 85' lang='lat' dir='ltr'><strong>an</strong></span> 
     </span>
     <span class='ocr_line' id='line_1_19' title="bbox 279 2589 1826 2698; baseline 0.001 -27"><span class='ocrx_word' id='word_1_190' title='bbox 279 2623 339 2670; x_wconf 89' lang='lat' dir='ltr'><strong>me</strong></span> <span class='ocrx_word' id='word_1_191' title='bbox 369 2624 480 2671; x_wconf 88' lang='lat' dir='ltr'><strong>usum</strong></span> <span class='ocrx_word' id='word_1_192' title='bbox 506 2596 617 2670; x_wconf 84' lang='lat' dir='ltr'><strong>fuisse</strong></span> <span class='ocrx_word' id='word_1_193' title='bbox 635 2592 719 2695; x_wconf 92' lang='lat' dir='ltr'><strong>plus</strong></span> <span class='ocrx_word' id='word_1_194' title='bbox 743 2593 858 2692; x_wconf 77' lang='lat' dir='ltr'><strong>quim</strong></span> <span class='ocrx_word' id='word_1_195' title='bbox 885 2589 984 2665; x_wconf 92' lang='lat' dir='ltr'><strong>hisce</strong></span> <span class='ocrx_word' id='word_1_196' title='bbox 1006 2592 1125 2671; x_wconf 86' lang='lat' dir='ltr'><strong>tribus</strong></span> <span class='ocrx_word' id='word_1_197' title='bbox 1149 2594 1356 2695; x_wconf 93' lang='lat' dir='ltr'><strong>speciebus;</strong></span> <span class='ocrx_word' id='word_1_198' title='bbox 1389 2613 1425 2670; x_wconf 89' lang='lat' dir='ltr'><strong>et</strong></span> <span class='ocrx_word' id='word_1_199' title='bbox 1448 2601 1559 2672; x_wconf 88' lang='lat' dir='ltr'><strong>etiam</strong></span> <span class='ocrx_word' id='word_1_200' title='bbox 1584 2601 1625 2670; x_wconf 90' lang='lat' dir='ltr'><strong>L.</strong></span> <span class='ocrx_word' id='word_1_201' title='bbox 1655 2605 1826 2698; x_wconf 70' lang='lat' dir='ltr'><strong>gigantem</strong></span> 
     </span>
     <span class='ocr_line' id='line_1_20' title="bbox 281 2709 1824 2814; baseline 0.004 -30"><span class='ocrx_word' id='word_1_202' title='bbox 281 2711 503 2812; x_wconf 78' lang='lat' dir='ltr'><strong>plerumque</strong></span> <span class='ocrx_word' id='word_1_203' title='bbox 518 2711 691 2800; x_wconf 88' lang='lat' dir='ltr'><strong>dissecui,</strong></span> <span class='ocrx_word' id='word_1_204' title='bbox 709 2714 759 2782; x_wconf 89' lang='lat' dir='ltr'><strong>ita</strong></span> <span class='ocrx_word' id='word_1_205' title='bbox 775 2721 819 2781; x_wconf 93' lang='lat' dir='ltr'><strong>ut</strong></span> <span class='ocrx_word' id='word_1_206' title='bbox 832 2713 1094 2783; x_wconf 89' lang='lat' dir='ltr'><strong>commentatio</strong></span> <span class='ocrx_word' id='word_1_207' title='bbox 1106 2735 1188 2783; x_wconf 90' lang='lat' dir='ltr'><strong>mea</strong></span> <span class='ocrx_word' id='word_1_208' title='bbox 1202 2714 1248 2785; x_wconf 92' lang='lat' dir='ltr'><strong>sit</strong></span> <span class='ocrx_word' id='word_1_209' title='bbox 1266 2714 1446 2811; x_wconf 75' lang='lat' dir='ltr'><strong>tanquam</strong></span> <span class='ocrx_word' id='word_1_210' title='bbox 1458 2714 1656 2786; x_wconf 81' lang='lat' dir='ltr'><strong>Anatomia</strong></span> <span class='ocrx_word' id='word_1_211' title='bbox 1669 2709 1824 2814; x_wconf 87' lang='lat' dir='ltr'><strong>hujusce</strong></span> 
     </span>
     <span class='ocr_line' id='line_1_21' title="bbox 279 2825 1590 2928; baseline 0.007 -28"><span class='ocrx_word' id='word_1_212' title='bbox 279 2831 409 2928; x_wconf 89' lang='lat' dir='ltr'><strong>speciei</strong></span> <span class='ocrx_word' id='word_1_213' title='bbox 424 2825 607 2919; x_wconf 83' lang='lat' dir='ltr'><strong>habenda.</strong></span> <span class='ocrx_word' id='word_1_214' title='bbox 1586 2833 1590 2838; x_wconf 74' lang='grc'><strong>’</strong></span> 
     </span>
    </p>

    <p class='ocr_par' dir='ltr' id='par_1_3' title="bbox 278 2942 1880 3390">
     <span class='ocr_line' id='line_1_22' title="bbox 331 2942 1823 3051; baseline 0.001 -34"><span class='ocrx_word' id='word_1_215' title='bbox 331 2947 461 3038; x_wconf 91' lang='lat' dir='ltr'><strong>Quum</strong></span> <span class='ocrx_word' id='word_1_216' title='bbox 476 2946 645 3051; x_wconf 87' lang='lat' dir='ltr'><strong>loquitur</strong></span> <span class='ocrx_word' id='word_1_217' title='bbox 663 2947 709 3021; x_wconf 89' lang='lat' dir='ltr'><strong>de</strong></span> <span class='ocrx_word' id='word_1_218' title='bbox 725 2942 963 3022; x_wconf 89' lang='lat' dir='ltr'><strong>circulatione</strong></span> <span class='ocrx_word' id='word_1_219' title='bbox 979 2943 1032 3025; x_wconf 87' lang='lat' dir='ltr'><strong>Cl.</strong></span> <span class='ocrx_word' id='word_1_220' title='bbox 1049 2947 1179 3048; x_wconf 68' lang='lat' dir='ltr'><strong>Dagis,</strong></span> <span class='ocrx_word' id='word_1_221' title='bbox 1196 2951 1246 3023; x_wconf 89' lang='lat' dir='ltr'><strong>ait</strong></span> <span class='ocrx_word' id='word_1_222' title='bbox 1262 2945 1331 3023; x_wconf 92' lang='lat' dir='ltr'><strong>sibi</strong></span> <span class='ocrx_word' id='word_1_223' title='bbox 1345 2951 1466 3024; x_wconf 89' lang='lat' dir='ltr'><strong>visum</strong></span> <span class='ocrx_word' id='word_1_224' title='bbox 1480 2948 1589 3024; x_wconf 84' lang='lat' dir='ltr'><strong>fuisse</strong></span> <span class='ocrx_word' id='word_1_225' title='bbox 1606 2951 1823 3046; x_wconf 90' lang='lat' dir='ltr'><strong>sanguinem</strong></span> 
     </span>
     <span class='ocr_line' id='line_1_23' title="bbox 278 3057 1880 3164; baseline 0.004 -30"><span class='ocrx_word' id='word_1_226' title='bbox 278 3057 568 3136; x_wconf 89' lang='lat' dir='ltr'><strong>Lumbricorum</strong></span> <span class='ocrx_word' id='word_1_227' title='bbox 585 3066 776 3136; x_wconf 91' lang='lat' dir='ltr'><strong>continere</strong></span> <span class='ocrx_word' id='word_1_228' title='bbox 795 3061 982 3162; x_wconf 90' lang='lat' dir='ltr'><strong>globulos,</strong></span> <span class='ocrx_word' id='word_1_229' title='bbox 1003 3089 1103 3138; x_wconf 90' lang='lat' dir='ltr'><strong>raros</strong></span> <span class='ocrx_word' id='word_1_230' title='bbox 1125 3079 1161 3136; x_wconf 89' lang='lat' dir='ltr'><strong>et</strong></span> <span class='ocrx_word' id='word_1_231' title='bbox 1178 3063 1338 3164; x_wconf 89' lang='lat' dir='ltr'><strong>globulis</strong></span> <span class='ocrx_word' id='word_1_232' title='bbox 1359 3064 1534 3138; x_wconf 93' lang='lat' dir='ltr'><strong>humanis</strong></span> <span class='ocrx_word' id='word_1_233' title='bbox 1558 3063 1701 3137; x_wconf 75' lang='lat' dir='ltr'><strong>decima</strong></span> <span class='ocrx_word' id='word_1_234' title='bbox 1721 3076 1824 3160; x_wconf 75' lang='lat' dir='ltr'><strong>parte</strong></span> <span class='ocrx_word' id='word_1_235' title='bbox 1877 3131 1880 3140; x_wconf 92' lang='lat'>.</span> 
     </span>
     <span class='ocr_line' id='line_1_24' title="bbox 279 3175 1824 3276; baseline 0.001 -27"><span class='ocrx_word' id='word_1_236' title='bbox 279 3175 458 3250; x_wconf 90' lang='lat' dir='ltr'><strong>diametro</strong></span> <span class='ocrx_word' id='word_1_237' title='bbox 475 3183 649 3251; x_wconf 90' lang='lat' dir='ltr'><strong>minores.</strong></span> <span class='ocrx_word' id='word_1_238' title='bbox 677 3176 962 3254; x_wconf 86' lang='lat' dir='ltr'><strong>Observatorem</strong></span> <span class='ocrx_word' id='word_1_239' title='bbox 979 3178 1123 3250; x_wconf 89' lang='lat' dir='ltr'><strong>huncce</strong></span> <span class='ocrx_word' id='word_1_240' title='bbox 1148 3203 1276 3248; x_wconf 90' lang='lat' dir='ltr'><strong>nonne</strong></span> <span class='ocrx_word' id='word_1_241' title='bbox 1298 3178 1446 3266; x_wconf 83' lang='lat' dir='ltr'><strong>fefellit,</strong></span> <span class='ocrx_word' id='word_1_242' title='bbox 1471 3183 1527 3248; x_wconf 90' lang='lat' dir='ltr'><strong>uti</strong></span> <span class='ocrx_word' id='word_1_243' title='bbox 1556 3181 1824 3276; x_wconf 88' lang='lat' dir='ltr'><strong>nosmet-ipsos</strong></span> 
     </span>
     <span class='ocr_line' id='line_1_25' title="bbox 281 3285 1782 3390; baseline -0.004 -26"><span class='ocrx_word' id='word_1_244' title='bbox 281 3296 470 3390; x_wconf 78' lang='lat' dir='ltr'><strong>primum,</strong></span> <span class='ocrx_word' id='word_1_245' title='bbox 486 3296 676 3369; x_wconf 80' lang='lat' dir='ltr'><strong>existentia</strong></span> <span class='ocrx_word' id='word_1_246' title='bbox 692 3285 924 3367; x_wconf 85' lang='lat' dir='ltr'><strong>bullularum</strong></span> <span class='ocrx_word' id='word_1_247' title='bbox 938 3292 1029 3362; x_wconf 90' lang='lat' dir='ltr'><strong>aeris</strong></span> <span class='ocrx_word' id='word_1_248' title='bbox 1043 3295 1084 3361; x_wconf 92' lang='lat' dir='ltr'><strong>in</strong></span> <span class='ocrx_word' id='word_1_249' title='bbox 1105 3296 1284 3389; x_wconf 89' lang='lat' dir='ltr'><strong>sanguine</strong></span> <span class='ocrx_word' id='word_1_250' title='bbox 1298 3304 1400 3362; x_wconf 87' lang='lat' dir='ltr'><strong>extra</strong></span> <span class='ocrx_word' id='word_1_251' title='bbox 1416 3315 1498 3362; x_wconf 90' lang='lat' dir='ltr'><strong>vasa</strong></span> <span class='ocrx_word' id='word_1_252' title='bbox 1513 3289 1655 3375; x_wconf 80' lang='lat' dir='ltr'><strong>effuso?</strong></span> <span class='ocrx_word' id='word_1_253' title='bbox 1743 3361 1746 3367; x_wconf 74' lang='grc'><em>,</em></span> <span class='ocrx_word' id='word_1_254' title='bbox 1777 3339 1782 3369; x_wconf 81' lang='grc'>,</span> 
     </span>
    </p>

    <p class='ocr_par' dir='ltr' id='par_1_4' title="bbox 276 3390 1848 4771">
     <span class='ocr_line' id='line_1_26' title="bbox 329 3390 1819 3505; baseline 0.001 -26"><span class='ocrx_word' id='word_1_255' title='bbox 329 3407 433 3480; x_wconf 87' lang='lat' dir='ltr'><strong>idem</strong></span> <span class='ocrx_word' id='word_1_256' title='bbox 454 3425 584 3479; x_wconf 87' lang='lat' dir='ltr'><strong>auctor</strong></span> <span class='ocrx_word' id='word_1_257' title='bbox 600 3409 790 3505; x_wconf 87' lang='lat' dir='ltr'><strong>descripsit</strong></span> <span class='ocrx_word' id='word_1_258' title='bbox 811 3390 948 3503; x_wconf 88' lang='lat' dir='ltr'><strong>organa</strong></span> <span class='ocrx_word' id='word_1_259' title='bbox 968 3402 1168 3478; x_wconf 87' lang='lat' dir='ltr'><strong>vascularia</strong></span> <span class='ocrx_word' id='word_1_260' title='bbox 1182 3430 1256 3478; x_wconf 83' lang='lat' dir='ltr'><strong>suae</strong></span> <span class='ocrx_word' id='word_1_261' title='bbox 1272 3408 1404 3505; x_wconf 89' lang='lat' dir='ltr'><strong>speciei</strong></span> <span class='ocrx_word' id='word_1_262' title='bbox 1420 3411 1639 3499; x_wconf 53' lang='lat' dir='ltr'><strong>anatomiam</strong></span> <span class='ocrx_word' id='word_1_263' title='bbox 1659 3412 1714 3479; x_wconf 91' lang='lat' dir='ltr'><strong>uti</strong></span> <span class='ocrx_word' id='word_1_264' title='bbox 1732 3431 1819 3497; x_wconf 86' lang='lat' dir='ltr'><strong>nos,</strong></span> 
     </span>
     <span class='ocr_line' id='line_1_27' title="bbox 278 3518 1824 3621; baseline 0.001 -29"><span class='ocrx_word' id='word_1_265' title='bbox 278 3525 491 3621; x_wconf 87' lang='lat' dir='ltr'><strong>recognovit</strong></span> <span class='ocrx_word' id='word_1_266' title='bbox 514 3525 585 3594; x_wconf 90' lang='lat' dir='ltr'><strong>tria</strong></span> <span class='ocrx_word' id='word_1_267' title='bbox 607 3521 747 3620; x_wconf 82' lang='lat' dir='ltr'><strong>majora</strong></span> <span class='ocrx_word' id='word_1_268' title='bbox 769 3544 877 3592; x_wconf 85' lang='lat' dir='ltr'><strong>vasa:</strong></span> <span class='ocrx_word' id='word_1_269' title='bbox 897 3518 1046 3606; x_wconf 84' lang='lat' dir='ltr'><strong>dorsale,</strong></span> <span class='ocrx_word' id='word_1_270' title='bbox 1066 3518 1276 3594; x_wconf 82' lang='lat' dir='ltr'><strong>abdominale</strong></span> <span class='ocrx_word' id='word_1_271' title='bbox 1295 3521 1472 3617; x_wconf 82' lang='lat' dir='ltr'><strong>(ventrale</strong></span> <span class='ocrx_word' id='word_1_272' title='bbox 1493 3518 1615 3617; x_wconf 83' lang='lat' dir='ltr'><strong>nobis)</strong></span> <span class='ocrx_word' id='word_1_273' title='bbox 1632 3536 1669 3594; x_wconf 96' lang='lat' dir='ltr'><strong>et</strong></span> <span class='ocrx_word' id='word_1_274' title='bbox 1688 3522 1824 3598; x_wconf 85' lang='lat' dir='ltr'><strong>subner-</strong></span> 
     </span>
     <span class='ocr_line' id='line_1_28' title="bbox 277 3632 1820 3734; baseline 0.003 -27"><span class='ocrx_word' id='word_1_275' title='bbox 277 3664 376 3709; x_wconf 88' lang='lat' dir='ltr'><strong>veam</strong></span> <span class='ocrx_word' id='word_1_276' title='bbox 392 3633 748 3734; x_wconf 88' lang='lat' dir='ltr'><strong>(nervoso-ventrale</strong></span> <span class='ocrx_word' id='word_1_277' title='bbox 759 3632 907 3731; x_wconf 84' lang='lat' dir='ltr'><strong>nobis);</strong></span> <span class='ocrx_word' id='word_1_278' title='bbox 930 3650 968 3716; x_wconf 85' lang='lat' dir='ltr'><strong>at</strong></span> <span class='ocrx_word' id='word_1_279' title='bbox 984 3634 1319 3710; x_wconf 86' lang='lat' dir='ltr'><strong>nervoso-laterales</strong></span> <span class='ocrx_word' id='word_1_280' title='bbox 1336 3636 1542 3710; x_wconf 81' lang='lat' dir='ltr'><strong>distinxisse</strong></span> <span class='ocrx_word' id='word_1_281' title='bbox 1559 3663 1638 3710; x_wconf 94' lang='lat' dir='ltr'><strong>non</strong></span> <span class='ocrx_word' id='word_1_282' title='bbox 1654 3637 1820 3728; x_wconf 75' lang='lat' dir='ltr'><strong>videtur,</strong></span> 
     </span>
     <span class='ocr_line' id='line_1_29' title="bbox 277 3750 1822 3854; baseline 0.003 -30"><span class='ocrx_word' id='word_1_283' title='bbox 277 3768 314 3825; x_wconf 91' lang='lat' dir='ltr'><strong>et</strong></span> <span class='ocrx_word' id='word_1_284' title='bbox 330 3756 502 3829; x_wconf 90' lang='lat' dir='ltr'><strong>nominat</strong></span> <span class='ocrx_word' id='word_1_285' title='bbox 517 3779 609 3824; x_wconf 86' lang='lat' dir='ltr'><strong>vasa.</strong></span> <span class='ocrx_word' id='word_1_286' title='bbox 624 3750 863 3850; x_wconf 77' lang='lat' dir='ltr'><strong>monilt&#39;formia</strong></span> <span class='ocrx_word' id='word_1_287' title='bbox 882 3775 945 3823; x_wconf 87' lang='lat' dir='ltr'><strong>seu</strong></span> <span class='ocrx_word' id='word_1_288' title='bbox 967 3750 1316 3825; x_wconf 81' lang='lat' dir='ltr'><strong>dorso-abdominah&#39;a</strong></span> <span class='ocrx_word' id='word_1_289' title='bbox 1339 3779 1422 3826; x_wconf 88' lang='lat' dir='ltr'><strong>vasa</strong></span> <span class='ocrx_word' id='word_1_290' title='bbox 1444 3779 1609 3851; x_wconf 90' lang='lat' dir='ltr'><strong>quorum</strong></span> <span class='ocrx_word' id='word_1_291' title='bbox 1634 3757 1822 3854; x_wconf 87' lang='lat' dir='ltr'><strong>congeries</strong></span> 
     </span>
     <span class='ocr_line' id='line_1_30' title="bbox 277 3863 1848 3968; baseline 0.004 -30"><span class='ocrx_word' id='word_1_292' title='bbox 277 3865 391 3941; x_wconf 81' lang='lat' dir='ltr'><strong>efficit</strong></span> <span class='ocrx_word' id='word_1_293' title='bbox 407 3894 471 3942; x_wconf 94' lang='lat' dir='ltr'><strong>cor</strong></span> <span class='ocrx_word' id='word_1_294' title='bbox 495 3865 640 3965; x_wconf 85' lang='lat' dir='ltr'><strong>(nobis).</strong></span> <span class='ocrx_word' id='word_1_295' title='bbox 668 3865 794 3942; x_wconf 87' lang='lat' dir='ltr'><strong>Credit</strong></span> <span class='ocrx_word' id='word_1_296' title='bbox 816 3863 891 3942; x_wconf 88' lang='lat' dir='ltr'><strong>Cel.</strong></span> <span class='ocrx_word' id='word_1_297' title='bbox 920 3865 1099 3938; x_wconf 85' lang='lat' dir='ltr'><strong>Wllisium</strong></span> <span class='ocrx_word' id='word_1_298' title='bbox 1125 3893 1192 3967; x_wconf 91' lang='lat' dir='ltr'><strong>pro</strong></span> <span class='ocrx_word' id='word_1_299' title='bbox 1217 3867 1328 3941; x_wconf 89' lang='lat' dir='ltr'><strong>corde</strong></span> <span class='ocrx_word' id='word_1_300' title='bbox 1351 3873 1486 3967; x_wconf 89' lang='lat' dir='ltr'><strong>cepisse</strong></span> <span class='ocrx_word' id='word_1_301' title='bbox 1512 3867 1713 3968; x_wconf 91' lang='lat' dir='ltr'><strong>ingluviem</strong></span> <span class='ocrx_word' id='word_1_302' title='bbox 1734 3893 1821 3947; x_wconf 86' lang='lat' dir='ltr'><strong>cum</strong></span> <span class='ocrx_word' id='word_1_303' title='bbox 1846 3938 1848 3944; x_wconf 74' lang='grc'><strong>,</strong></span> 
     </span>
     <span class='ocr_line' id='line_1_31' title="bbox 277 3981 1820 4084; baseline 0 -28"><span class='ocrx_word' id='word_1_304' title='bbox 277 3982 397 4057; x_wconf 89' lang='lat' dir='ltr'><strong>tribus</strong></span> <span class='ocrx_word' id='word_1_305' title='bbox 414 3981 564 4084; x_wconf 90' lang='lat' dir='ltr'><strong>paribus</strong></span> <span class='ocrx_word' id='word_1_306' title='bbox 581 3982 768 4083; x_wconf 89' lang='lat' dir='ltr'><strong>majorum</strong></span> <span class='ocrx_word' id='word_1_307' title='bbox 781 4006 952 4054; x_wconf 88' lang='lat' dir='ltr'><strong>vasorum</strong></span> <span class='ocrx_word' id='word_1_308' title='bbox 968 3983 1124 4076; x_wconf 81' lang='lat' dir='ltr'><strong>(nostras</strong></span> <span class='ocrx_word' id='word_1_309' title='bbox 1141 3985 1291 4054; x_wconf 89' lang='lat' dir='ltr'><strong>arterias</strong></span> <span class='ocrx_word' id='word_1_310' title='bbox 1307 3983 1548 4080; x_wconf 85' lang='lat' dir='ltr'><strong>coronarias);</strong></span> <span class='ocrx_word' id='word_1_311' title='bbox 1569 3982 1632 4056; x_wconf 90' lang='lat' dir='ltr'><strong>sed</strong></span> <span class='ocrx_word' id='word_1_312' title='bbox 1652 3986 1820 4056; x_wconf 87' lang='lat' dir='ltr'><strong>existimo</strong></span> 
     </span>
     <span class='ocr_line' id='line_1_32' title="bbox 278 4096 1822 4199; baseline -0.002 -27"><span class='ocrx_word' id='word_1_313' title='bbox 278 4102 420 4173; x_wconf 90' lang='lat' dir='ltr'><strong>restitui</strong></span> <span class='ocrx_word' id='word_1_314' title='bbox 437 4123 543 4199; x_wconf 88' lang='lat' dir='ltr'><strong>posse</strong></span> <span class='ocrx_word' id='word_1_315' title='bbox 554 4096 733 4171; x_wconf 81' lang='lat' dir='ltr'><strong>Willisiam</strong></span> <span class='ocrx_word' id='word_1_316' title='bbox 744 4099 784 4169; x_wconf 92' lang='lat' dir='ltr'><strong>in</strong></span> <span class='ocrx_word' id='word_1_317' title='bbox 799 4096 884 4197; x_wconf 90' lang='lat' dir='ltr'><strong>jura</strong></span> <span class='ocrx_word' id='word_1_318' title='bbox 895 4097 1023 4195; x_wconf 84' lang='lat' dir='ltr'><strong>primae</strong></span> <span class='ocrx_word' id='word_1_319' title='bbox 1033 4101 1173 4193; x_wconf 83' lang='lat' dir='ltr'><strong>notitiae</strong></span> <span class='ocrx_word' id='word_1_320' title='bbox 1188 4111 1224 4169; x_wconf 94' lang='lat' dir='ltr'><strong>et</strong></span> <span class='ocrx_word' id='word_1_321' title='bbox 1241 4101 1467 4172; x_wconf 90' lang='lat' dir='ltr'><strong>inventionis</strong></span> <span class='ocrx_word' id='word_1_322' title='bbox 1481 4103 1558 4172; x_wconf 90' lang='lat' dir='ltr'><strong>veri</strong></span> <span class='ocrx_word' id='word_1_323' title='bbox 1569 4097 1689 4171; x_wconf 92' lang='lat' dir='ltr'><strong>cordis</strong></span> <span class='ocrx_word' id='word_1_324' title='bbox 1700 4100 1822 4170; x_wconf 87' lang='lat' dir='ltr'><strong>Anne·</strong></span> 
     </span>
     <span class='ocr_line' id='line_1_33' title="bbox 276 4208 1819 4314; baseline -0.001 -28"><span class='ocrx_word' id='word_1_325' title='bbox 276 4211 417 4305; x_wconf 89' lang='lat' dir='ltr'><strong>lidum,</strong></span> <span class='ocrx_word' id='word_1_326' title='bbox 441 4216 483 4287; x_wconf 93' lang='lat' dir='ltr'><strong>in</strong></span> <span class='ocrx_word' id='word_1_327' title='bbox 509 4219 657 4286; x_wconf 81' lang='lat' dir='ltr'><strong>tantum</strong></span> <span class='ocrx_word' id='word_1_328' title='bbox 685 4216 725 4284; x_wconf 92' lang='lat' dir='ltr'><strong>in</strong></span> <span class='ocrx_word' id='word_1_329' title='bbox 751 4219 937 4312; x_wconf 78' lang='lat' dir='ltr'><strong>quantum</strong></span> <span class='ocrx_word' id='word_1_330' title='bbox 963 4208 1034 4286; x_wconf 93' lang='lat' dir='ltr'><strong>hoc</strong></span> <span class='ocrx_word' id='word_1_331' title='bbox 1064 4237 1202 4299; x_wconf 90' lang='lat' dir='ltr'><strong>nomen</strong></span> <span class='ocrx_word' id='word_1_332' title='bbox 1232 4212 1408 4288; x_wconf 92' lang='lat' dir='ltr'><strong>tribuitur</strong></span> <span class='ocrx_word' id='word_1_333' title='bbox 1431 4217 1578 4314; x_wconf 90' lang='lat' dir='ltr'><strong>organis</strong></span> <span class='ocrx_word' id='word_1_334' title='bbox 1601 4215 1819 4310; x_wconf 89' lang='lat' dir='ltr'><strong>sanguinem</strong></span> 
     </span>
     <span class='ocr_line' id='line_1_34' title="bbox 278 4323 1819 4431; baseline 0 -30"><span class='ocrx_word' id='word_1_335' title='bbox 278 4327 555 4431; x_wconf 90' lang='lat' dir='ltr'><strong>impellentibus</strong></span> <span class='ocrx_word' id='word_1_336' title='bbox 572 4355 680 4402; x_wconf 92' lang='lat' dir='ltr'><strong>:nam</strong></span> <span class='ocrx_word' id='word_1_337' title='bbox 697 4329 776 4403; x_wconf 89' lang='lat' dir='ltr'><strong>visu</strong></span> <span class='ocrx_word' id='word_1_338' title='bbox 803 4330 981 4428; x_wconf 77' lang='lat' dir='ltr'><strong>perquam</strong></span> <span class='ocrx_word' id='word_1_339' title='bbox 997 4325 1101 4401; x_wconf 88' lang='lat' dir='ltr'><strong>facile</strong></span> <span class='ocrx_word' id='word_1_340' title='bbox 1117 4343 1170 4400; x_wconf 91' lang='lat' dir='ltr'><strong>est</strong></span> <span class='ocrx_word' id='word_1_341' title='bbox 1183 4332 1331 4402; x_wconf 90' lang='lat' dir='ltr'><strong>arterias</strong></span> <span class='ocrx_word' id='word_1_342' title='bbox 1348 4328 1557 4402; x_wconf 86' lang='lat' dir='ltr'><strong>coronarias</strong></span> <span class='ocrx_word' id='word_1_343' title='bbox 1571 4343 1607 4400; x_wconf 91' lang='lat' dir='ltr'><strong>et</strong></span> <span class='ocrx_word' id='word_1_344' title='bbox 1618 4323 1819 4425; x_wconf 88' lang='lat' dir='ltr'><strong>ingluviem</strong></span> 
     </span>
     <span class='ocr_line' id='line_1_35' title="bbox 277 4438 1819 4545; baseline -0.002 -27"><span class='ocrx_word' id='word_1_345' title='bbox 277 4472 355 4519; x_wconf 93' lang='lat' dir='ltr'><strong>non</strong></span> <span class='ocrx_word' id='word_1_346' title='bbox 374 4448 515 4522; x_wconf 89' lang='lat' dir='ltr'><strong>moveri</strong></span> <span class='ocrx_word' id='word_1_347' title='bbox 531 4443 695 4519; x_wconf 90' lang='lat' dir='ltr'><strong>motibus</strong></span> <span class='ocrx_word' id='word_1_348' title='bbox 712 4441 861 4545; x_wconf 87' lang='lat' dir='ltr'><strong>systoles</strong></span> <span class='ocrx_word' id='word_1_349' title='bbox 877 4459 914 4516; x_wconf 90' lang='lat' dir='ltr'><strong>et</strong></span> <span class='ocrx_word' id='word_1_350' title='bbox 930 4438 1098 4517; x_wconf 90' lang='lat' dir='ltr'><strong>diastoles</strong></span> <span class='ocrx_word' id='word_1_351' title='bbox 1114 4446 1180 4541; x_wconf 90' lang='lat' dir='ltr'><strong>qui</strong></span> <span class='ocrx_word' id='word_1_352' title='bbox 1201 4441 1300 4516; x_wconf 91' lang='lat' dir='ltr'><strong>hisce</strong></span> <span class='ocrx_word' id='word_1_353' title='bbox 1322 4446 1527 4542; x_wconf 87' lang='lat' dir='ltr'><strong>comparari</strong></span> <span class='ocrx_word' id='word_1_354' title='bbox 1549 4458 1705 4541; x_wconf 89' lang='lat' dir='ltr'><strong>possunt</strong></span> <span class='ocrx_word' id='word_1_355' title='bbox 1725 4465 1819 4540; x_wconf 89' lang='lat' dir='ltr'><strong>quos</strong></span> 
     </span>
     <span class='ocr_line' id='line_1_36' title="bbox 276 4554 1819 4660; baseline -0.002 -27"><span class='ocrx_word' id='word_1_356' title='bbox 276 4556 386 4635; x_wconf 90' lang='lat' dir='ltr'><strong>nobis</strong></span> <span class='ocrx_word' id='word_1_357' title='bbox 410 4561 519 4635; x_wconf 86' lang='lat' dir='ltr'><strong>offert</strong></span> <span class='ocrx_word' id='word_1_358' title='bbox 549 4586 631 4652; x_wconf 91' lang='lat' dir='ltr'><strong>cor,</strong></span> <span class='ocrx_word' id='word_1_359' title='bbox 661 4560 700 4633; x_wconf 93' lang='lat' dir='ltr'><strong>id</strong></span> <span class='ocrx_word' id='word_1_360' title='bbox 725 4576 779 4632; x_wconf 90' lang='lat' dir='ltr'><strong>est</strong></span> <span class='ocrx_word' id='word_1_361' title='bbox 809 4584 991 4660; x_wconf 92' lang='lat' dir='ltr'><strong>organum</strong></span> <span class='ocrx_word' id='word_1_362' title='bbox 1016 4557 1119 4656; x_wconf 93' lang='lat' dir='ltr'><strong>quod</strong></span> <span class='ocrx_word' id='word_1_363' title='bbox 1144 4554 1393 4632; x_wconf 89' lang='lat' dir='ltr'><strong>circulationis</strong></span> <span class='ocrx_word' id='word_1_364' title='bbox 1416 4554 1622 4656; x_wconf 88' lang='lat' dir='ltr'><strong>impulsum</strong></span> <span class='ocrx_word' id='word_1_365' title='bbox 1647 4559 1819 4655; x_wconf 90' lang='lat' dir='ltr'><strong>sanguini</strong></span> 
     </span>
     <span class='ocr_line' id='line_1_37' title="bbox 276 4670 1817 4771; baseline -0.003 -22"><span class='ocrx_word' id='word_1_366' title='bbox 276 4679 414 4751; x_wconf 91' lang='lat' dir='ltr'><strong>incutit</strong></span> <span class='ocrx_word' id='word_1_367' title='bbox 421 4708 431 4768; x_wconf 90' lang='lat'>;</span> <span class='ocrx_word' id='word_1_368' title='bbox 449 4693 488 4753; x_wconf 91' lang='lat' dir='ltr'><strong>et</strong></span> <span class='ocrx_word' id='word_1_369' title='bbox 502 4676 632 4751; x_wconf 92' lang='lat' dir='ltr'><strong>iisdem</strong></span> <span class='ocrx_word' id='word_1_370' title='bbox 655 4691 781 4750; x_wconf 87' lang='lat' dir='ltr'><strong>tamen</strong></span> <span class='ocrx_word' id='word_1_371' title='bbox 793 4670 1120 4748; x_wconf 83' lang='lat' dir='ltr'><strong>¹contractionibus</strong></span> <span class='ocrx_word' id='word_1_372' title='bbox 1142 4700 1163 4746; x_wconf 99' lang='lat' dir='ltr'><strong>a</strong></span> <span class='ocrx_word' id='word_1_373' title='bbox 1194 4673 1334 4748; x_wconf 80' lang='lat' dir='ltr'><strong>Wllisio</strong></span> <span class='ocrx_word' id='word_1_374' title='bbox 1355 4672 1572 4746; x_wconf 91' lang='lat' dir='ltr'><strong>distinctum</strong></span> <span class='ocrx_word' id='word_1_375' title='bbox 1592 4688 1630 4747; x_wconf 89' lang='lat' dir='ltr'><strong>et</strong></span> <span class='ocrx_word' id='word_1_376' title='bbox 1649 4675 1817 4771; x_wconf 90' lang='lat' dir='ltr'><strong>agnitum</strong></span> 
     </span>
    </p>
   </div>
   <div class='ocr_carea' id='block_1_2' title="bbox 277 4783 1816 4970">
    <p class='ocr_par' dir='ltr' id='par_1_5' title="bbox 277 4783 1816 4970">
     <span class='ocr_line' id='line_1_38' title="bbox 277 4783 1816 4909; baseline -0.005 -41"><span class='ocrx_word' id='word_1_377' title='bbox 277 4793 388 4909; x_wconf 81' lang='lat' dir='ltr'><strong>fuisse</strong></span> <span class='ocrx_word' id='word_1_378' title='bbox 415 4819 491 4871; x_wconf 88' lang='lat' dir='ltr'><strong>cor.</strong></span> <span class='ocrx_word' id='word_1_379' title='bbox 523 4797 727 4883; x_wconf 79' lang='lat' dir='ltr'><strong>catarum,</strong></span> <span class='ocrx_word' id='word_1_380' title='bbox 752 4793 782 4866; x_wconf 91' lang='lat' dir='ltr'><strong>si</strong></span> <span class='ocrx_word' id='word_1_381' title='bbox 807 4788 862 4908; x_wconf 81' lang='lat' dir='ltr'><strong>Cl.</strong></span> <span class='ocrx_word' id='word_1_382' title='bbox 886 4792 999 4890; x_wconf 68' lang='lat' dir='ltr'><strong>Dagis</strong></span> <span class='ocrx_word' id='word_1_383' title='bbox 1023 4787 1094 4864; x_wconf 90' lang='lat' dir='ltr'><strong>sub</strong></span> <span class='ocrx_word' id='word_1_384' title='bbox 1119 4785 1246 4864; x_wconf 89' lang='lat' dir='ltr'><strong>oculos</strong></span> <span class='ocrx_word' id='word_1_385' title='bbox 1268 4785 1456 4863; x_wconf 88' lang='lat' dir='ltr'><strong>habuisset</strong></span> <span class='ocrx_word' id='word_1_386' title='bbox 1481 4783 1657 4863; x_wconf 55' lang='lat' dir='ltr'><strong>tabulam&lt;</strong></span> <span class='ocrx_word' id='word_1_387' title='bbox 1671 4789 1816 4862; x_wconf 88' lang='lat' dir='ltr'><strong>tertiam</strong></span> 
     </span>
     <span class='ocr_line' id='line_1_39' title="bbox 483 4910 1675 4970; baseline -0.004 5"><span class='ocrx_word' id='word_1_388' title='bbox 483 4915 486 4918; x_wconf 82' lang='lat'>&#39;</span> <span class='ocrx_word' id='word_1_389' title='bbox 1490 4910 1496 4919; x_wconf 86' lang='lat'>&#39;</span> <span class='ocrx_word' id='word_1_390' title='bbox 1651 4924 1675 4970; x_wconf 89' lang='lat' dir='ltr'><strong>u</strong></span> 
     </span>
    </p>
   </div>
   <div class='ocr_carea' id='block_1_3' title="bbox 0 0 2126 5850">
    <p class='ocr_par' dir='ltr' id='par_1_6' title="bbox 0 0 2126 5850">
     <span class='ocr_line' id='line_1_40' title="bbox 0 0 2126 5850; baseline 0 1"><span class='ocrx_word' id='word_1_391' title='bbox 0 0 2126 5850; x_wconf 95' lang='lat' dir='ltr'><strong> </strong></span> 
     </span>
    </p>
   </div>
  </div>
 </body>
</html>
