4244 5850
893 529 1048 627 (157)

231 704 313 774 sire
337 698 599 787 modificatum,
622 720 697 767 non
718 707 820 767 motu
840 693 1015 790 peculiari
1035 692 1280 766 folliculorum
1304 692 1574 792 pulmonarium
1597 698 1661 794 qui
1687 700 1725 770 in

230 819 463 892 circulatione
485 840 584 889 merc
614 828 700 887 sunt
723 815 867 913 passivi,
894 813 956 885 sed
979 812 1121 910 proprii
1150 813 1184 887 vi
1212 837 1333 909 quaea
1361 813 1545 886 nonnullis
1573 814 1728 889 habetur

231 954 403 1036 tanquam
431 930 655 1009 musculcris.

276 1061 461 1133 Numerus
483 1058 781 1129 ramificationum
803 1055 1022 1126 arterialium
1040 1066 1093 1125 est
1114 1054 1293 1143 infinitus,
1323 1055 1383 1125 sed
1405 1059 1595 1130 sitantum
1617 1071 1725 1130 trun-

230 1207 288 1253 cos
321 1180 524 1279 pvaecipuos
554 1191 661 1248 aortae
690 1175 1046 1272 comprehendimus,
1079 1171 1254 1245 habemus
1282 1200 1346 1271 pro
1378 1175 1524 1250 diversis
1558 1177 1725 1251 classibus

231 1325 319 1398 quas
341 1298 446 1370 modo
473 1298 772 1385 examinavimus,
797 1293 870 1366 260
893 1306 1001 1364 aortae
1024 1291 1225 1362 divisiones.

575 1505 619 1576 B.
677 1505 741 1574 De
773 1503 915 1573 arterid
944 1503 1105 1573 ventrali
1133 1515 1203 1573 aut
1228 1503 1380 1575 minore.

279 1669 381 1743 Illam
400 1670 568 1741 arteriam
589 1666 816 1737 distinximus
832 1677 869 1735 et
884 1664 1041 1735 diximus
1063 1665 1162 1736 illam
1181 1666 1328 1737 extendi
1345 1666 1547 1740 secundum
1563 1681 1726 1741 ventrem

233 1802 270 1862 et
294 1813 467 1886 magnum
490 1812 646 1858 nervum
674 1797 921 1857 recurrentem
952 1785 1194 1856 concomitari.

280 1907 468 1980 Percurrit
494 1907 628 1999 etenim
654 1906 783 1976 faciem
807 1902 979 1975 dorsalem
1006 1903 1116 2004 hujus
1141 1906 1243 1978 nervi
1268 1918 1304 1976 et
1326 1906 1398 1977 sola
1420 1908 1459 1977 in
1486 1906 1626 2005 integri
1649 1906 1730 2007 ejus

233 2025 470 2125 amplitudine
493 2026 662 2097 occurrit.
705 2023 852 2096 Nullam
875 2026 914 2096 in
938 2025 979 2097 ed
1003 2027 1296 2097 ranrificationem
1318 2026 1610 2100 subdivisionem
1634 2027 1728 2100 late-

232 2147 342 2220 ralem
364 2146 523 2218 distinxi.
550 2144 716 2216 Nascitur
732 2145 775 2216 ud
798 2158 933 2217 coctam
956 2159 993 2216 et
1014 2145 1261 2218 tantummodo
1278 2144 1402 2218 haberi
1421 2161 1538 2243 posset
1555 2160 1727 2244 tanquam

233 2291 307 2340 rme
332 2292 378 2339 ex
400 2265 498 2337 illius
515 2263 765 2355 divisionibus,
789 2265 1092 2362 quemadmodum
1118 2268 1245 2337 arteria
1271 2267 1612 2338 nervoso-ventralis
1633 2292 1726 2340 non-

232 2389 302 2463 nisi
318 2399 409 2460 esset
426 2386 573 2457 minoris
589 2387 727 2458 arteriae
743 2385 947 2459 subdivisio.
968 2386 1157 2484 Quidquid
1175 2385 1220 2456 de
1234 2386 1302 2458 htc
1323 2410 1361 2457 re
1378 2388 1441 2475 sit,
1460 2389 1618 2459 occurrit
1633 2389 1727 2459 inter

234 2507 323 2595 duos
344 2504 506 2604 globulos
532 2504 723 2579 cervicales
749 2507 913 2603 ipsosque
940 2508 1140 2580 circumdat
1162 2508 1279 2604 specie
1302 2506 1429 2578 annuli
1455 2510 1518 2603 qui
1543 2507 1727 2604 producit,

233 2624 277 2698 ab
298 2639 453 2723 utroque
475 2624 605 2715 latere,
631 2624 925 2696 ramificationem
948 2651 1029 2723 quae
1053 2628 1232 2724 percurrit
1254 2625 1411 2697 funiculi
1434 2626 1639 2724 oesophagei
1663 2654 1727 2701 su·

233 2746 416 2844 perficiem
433 2757 475 2817 ut
497 2770 581 2817 cum
605 2743 669 2815 suit
690 2745 849 2841 oppositi
871 2745 1113 2843 coniungatur
1128 2759 1167 2817 et
1185 2748 1235 2817 sic
1252 2747 1390 2818 arteriae
1411 2746 1533 2818 locum
1556 2747 1723 2844 praebeat.

232 2864 318 2939 Haec
339 2864 592 2963 longitudinali
616 2863 740 2955 modo,
766 2867 892 2935 transit
908 2892 973 2962 per
1002 2869 1119 2940 «imnis
1147 2865 1440 2963 diaphragmuts,
1471 2867 1659 2940 adhaerens
1680 2868 1726 2940 ad

233 2985 362 3078 faeiem
388 2983 562 3058 dorsalem
585 2986 701 3073 nervi.
729 2985 919 3057 Evanescit
942 2986 1019 3056 siue
1045 2985 1154 3058 dubio
1177 3010 1289 3082 prope
1309 3011 1419 3056 anum
1445 2983 1484 3056 iu
1508 2986 1621 3082 plexu
1639 3012 1726 3059 ner-

234 3129 361 3190 vorum
383 3117 420 3176 et
439 3104 592 3177 reticulo
619 3129 784 3178 vasorum
804 3105 1093 3201 sanguiferorum
1118 3104 1215 3200 quod
1237 3105 1275 3173 in
1301 3103 1426 3175 eodem
1448 3101 1527 3175 loco
1554 3106 1724 3181 occurrit.

550 3406 553 3410 Δ
627 3311 667 3382 C.
720 3312 783 3382 De
814 3312 954 3382 arterid
985 3312 1332 3385 nervoso-ventrali.

282 3472 379 3547 lllud
404 3473 590 3549 vasculum
612 3476 879 3573 sanguiferum,
904 3473 1010 3571 quod·
1029 3487 1171 3548 neturae
1194 3475 1366 3547 arteriulis
1390 3477 1565 3572 suspicor,
1595 3487 1725 3547 exten-

235 3591 333 3665 ditur
354 3592 607 3690 longitudinali
640 3594 746 3665 modo
771 3593 971 3666 secundum
996 3596 1221 3691 superficiem
1247 3595 1445 3668 ventralem
1474 3596 1594 3693 magni
1621 3599 1724 3669 nervi

234 3715 453 3787 recurrentis
494 3713 648 3810 ideoque
683 3715 883 3787 secundum
924 3728 1087 3786 ventrem
1126 3714 1300 3786 animulis.
1346 3715 1431 3787 Haec
1469 3717 1597 3787 arteria
1624 3741 1726 3788 nunc

220 3831 398 3929 ,mqualim
420 3858 519 3904 nunc
543 3832 686 3932 majoris
708 3832 948 3906 crassitudinis
975 3847 1081 3906 aovtae
1100 3847 1165 3905 est.
1193 3833 1320 3906 Nullas
1340 3831 1726 3908 ramificationes'lcte-

235 3949 326 4023 mles
347 3950 456 4022 habet
485 3964 522 4023 ct
549 3952 706 4024 nascitur
731 3952 775 4023 ud
802 3951 1078 4025 bifurcationem
1099 3953 1221 4043 nervi,
1249 3953 1294 4026 cd
1319 3955 1489 4027 eumdem
1515 3955 1635 4029 locum
1659 3953 1723 4026 ubi

236 4068 318 4143 dum
331 4072 603 4142 mmificationes
624 4073 762 4145 arteriae
784 4074 952 4147 centralis
969 4088 1033 4147 aut
1053 4076 1197 4146 minoris
1214 4100 1295 4173 quae
1313 4077 1724 4147 concomitatae-fuerunt

235 4189 418 4263 funiculos
443 4214 609 4264 nervosus
636 4192 891 4291 oesophugeos,
926 4192 1219 4294 conjunguntur:
1257 4195 1353 4290 quod
1387 4194 1494 4265 efficit
1521 4207 1564 4266 ut
1595 4194 1722 4265 arteria

235 4309 576 4384 nervoso-centralis
593 4310 734 4383 nonnisi
758 4312 921 4386 videatur
943 4340 1016 4386 esse
1038 4314 1166 4403 divisio
1184 4312 1451 4410 longitudinalis
1474 4316 1611 4384 arteriae
1632 4336 1723 4385 vcn-

235 4427 335 4501 trelis
356 4441 393 4499 et
414 4428 544 4500 exinde
564 4428 758 4504 subdivisio
777 4446 895 4505 eortoe.
919 4436 1107 4506 Evcnescit
1128 4434 1167 4504 in
1184 4432 1375 4505 reticulum
1395 4432 1620 4508 vasculorum
1639 4456 1723 4501 san-

234 4549 460 4645 guiserorum
472 4549 569 4647 quod
580 4552 770 4625 comitetur
782 4552 931 4650 plexum
942 4580 1152 4646 nervosum,
1164 4568 1221 4645 et,
1236 4548 1453 4627 anostomose
1475 4552 1622 4624 fortasse
1638 4579 1723 4629 cum

235 4667 549 4744 mmificatiouibus
568 4671 707 4745 venosis
725 4669 935 4748 ultimarum
959 4674 1196 4751 vesiculcrum
1217 4678 1403 4747 aerearum
1426 4677 1673 4780 conjungitur.
