4244 5850
899 527 917 624 (
942 527 1013 608 117
1033 530 1056 628 ι)

285 696 441 794 Sanguis
465 691 589 795 hujus
603 691 767 766 8818188118
791 706 845 766 881
870 690 981 766 ndsno
1001 693 1119 767 colore
1145 697 1266 772 vivido
1293 696 1501 794 distinctus,
1531 714 1569 775 ct
1594 728 1731 803 quum,

236 832 385 921 propter
401 814 660 917 perlucidatem
676 816 778 888 atrati
799 816 1013 891 muscularis
1030 820 1139 915 atque
1161 819 1273 910 cutis,
1294 834 1425 918 praeter
1440 823 1583 897 vascula
1601 824 1734 923 quibus

237 943 462 1026 continetur,
484 937 594 1009 etiam
617 935 771 1039 perspici
793 938 901 1034 possit
927 938 1113 1011 circulatio
1132 965 1242 1038 quam
1263 945 1447 1041 sequitur,
1473 958 1600 1044 sponte
1620 947 1733 1020 intel-

236 1062 362 1162 ligitur
382 1059 665 1133 observationem
686 1058 841 1131 duorum
858 1058 1003 1133 illorum
1027 1059 1248 1160 objectorum
1272 1064 1418 1136 maximi
1446 1089 1520 1138 esse
1543 1067 1729 1141 momenti.

283 1182 400 1282 Igitur
421 1191 586 1252 sumatur
606 1176 820 1276 Erpobdella
847 1179 1023 1278 vulgaris,
1050 1177 1191 1281 junior,
1214 1194 1251 1253 et
1270 1179 1367 1254 Vere
1386 1183 1604 1280 incipiente3
1628 1198 1665 1257 et
1691 1186 1732 1257 in

110 1329 116 1337 ·
238 1302 359 1402 quiete
381 1313 583 1374 remaneat:
606 1299 790 1372 circulatio
810 1301 996 1401 sanguinis
1015 1303 1162 1374 omnino
1186 1301 1383 1399 apparebit.
1412 1302 1586 1397 Vasculu‚
1610 1306 1732 1404 qualia

237 1421 503 1520 descripsimus,
531 1419 658 1493 mutui
680 1418 864 1520 junctione
886 1421 1048 1493 efficiunt
1073 1424 1229 1520 speciem
1258 1421 1452 1521 ellipsoidis
1473 1423 1564 1521 (fig.
1587 1427 1624 1495 2.
1649 1427 1727 1497 tab.

236 1542 545 1616 XXII-XXV
540 1544 570 1613 I
573 1543 605 1633 l,
628 1540 732 1641 cujus
754 1540 867 1642 major
882 1545 957 1615 axis
972 1557 1026 1615 est
1042 1542 1227 1619 vasculum
1248 1543 1422 1616 ventrale.
1443 1545 1619 1617 Accurate
1641 1570 1729 1618 exa-

135 1643 137 1647 *
233 1663 433 1761 minatum,
458 1662 644 1736 vasculum
669 1663 830 1740 ventrale
846 1689 865 1734 a
883 1665 905 1735 8
928 1664 966 1734 in
982 1665 1005 1736 8
1021 1676 1139 1760 partes
1156 1662 1253 1736 horae
1275 1676 1331 1735 ter
1351 1664 1556 1737 millesimus
1575 1690 1729 1738 sexcen-

233 1786 376 1858 tesimus
397 1784 546 1856 crassius
567 1781 688 1856 evadit
707 1806 771 1881 per
792 1782 1056 1855 extremitatem
1077 1784 1326 1880 posteriorem,
1351 1786 1527 1883 sanguine
1549 1785 1727 1884 repletur,

234 1904 478 2009 contrahitur,
491 1903 660 2003 propellit
674 1903 886 2001 sanguinem
904 1926 1027 1975 versus
1043 1915 1181 2000 partem
1197 1904 1412 1977 anteriorem
1429 1904 1489 2003 (iu
1500 1929 1606 1979 seusu
1617 1930 1729 2004 quem

232 2026 369 2124 sagittae
385 2024 516 2124 ligurus
537 2021 731 2120 indicunt).
759 2021 886 2093 Prouti
910 2020 1054 2119 sanguis
1075 2023 1324 2123 progreditur,
1343 2051 1424 2124 pars
1444 2050 1553 2124 quam
1575 2026 1728 2125 implere

233 2140 356 2235 debet,
380 2143 569 2235 dilatatur,
596 2142 710 2215 donec
730 2139 790 2213 illa
811 2166 892 2239 pars
912 2166 1020 2238 quam
1043 2143 1148 2216 modo
1171 2144 1320 2244 reliquit
1341 2145 1566 2219 contrahitur
1585 2146 1728 2245 ipsum-

232 2288 305 2365 que
323 2262 570 2364 propclleudo.
593 2261 728 2335 Eodem
747 2275 909 2359 tempore
931 2286 1004 2359 quo
1020 2262 1170 2336 inferior
1191 2288 1273 2363 pars
1290 2264 1426 2342 vasculi
1445 2265 1615 2339 ventralis
1631 2265 1727 2340 dila-

228 2382 331 2459 tatur
359 2397 397 2457 et
423 2384 597 2483 sanguine
622 2383 803 2482 repletur,
832 2395 951 2480 partes
975 2384 1174 2457 anteriores
1195 2385 1351 2458 duorum
1379 2384 1606 2459 vasculorum
1633 2385 1726 2460 1818-

230 2505 363 2582 ralium
387 2506 496 2580 811888
523 2505 721 2579 dilatantur
752 2518 789 2576 et
814 2505 948 2603 pariter
974 2506 1149 2604 sanguiue
1176 2506 1375 2604 replentur
1404 2505 1486 2580 Mox
1512 2509 1728 2606 perspicitur

230 2630 443 2728 sauguinem
465 2628 531 2726 qui
553 2629 603 2699 sic
624 2623 808 2698 descendit
830 2649 897 2724 per
919 2623 979 2696 illa
999 2625 1161 2719 vascula,
1179 2651 1255 2700 esse
1267 2627 1437 2702 eumdem
1454 2653 1496 2701 ao
1514 2628 1637 2721 illum,
1660 2630 1740 2726 qui¹

229 2750 452 2850 asperiorem
476 2760 617 2848 partem
640 2747 776 2821 vasculi
800 2746 970 2821 ventralis
991 2746 1168 2846 implevit.
1191 2746 1300 2841 Nam,
1328 2762 1437 2847 prout
1457 2748 1536 2821 haec
1559 2775 1641 2848 pars
1662 2776 1727 2824 va·

230 2880 379 2962 suatur,
406 2869 549 2944 vascula
582 2864 741 2942 lateralia
772 2867 984 2967 implentur.
1016 2871 1063 2940 Et
1089 2870 1167 2943 vice
1194 2869 1313 2962 versa,
1343 2884 1452 2968 prout
1475 2871 1557 2943 hoeo
1580 2870 1661 2945 ab
1650 2897 1726 2944 1m0

225 2982 450 3083 vacuantur,
477 2989 665 3067 vasculum
685 2990 846 3068 ventrale
867 2990 912 3063 ab
933 2989 1060 3064 eodem
1081 2990 1194 3063 latere
1211 2989 1396 3088 impletur.
1420 2989 1500 3062 Tali
1522 2989 1628 3062 modo
1651 2989 1726 3062 duo

225 3099 361 3197 11181818
381 3108 627 3185 instituuntur
644 3109 837 3185 ascendens
858 3126 895 3186 et
916 3111 1149 3185 descendens:
1171 3107 1269 3210 prior
1287 3112 1499 3209 sanguinem
1518 3135 1641 3184 versus
1661 3136 1724 3184 cor

228 3218 370 3317 reducit
391 3240 429 3306 et
453 3220 705 3315 manifestatur
725 3233 765 3304 in
790 3231 942 3306 vasculis
961 3231 1090 3304 dorsali
1112 3244 1149 3304 et
1170 3230 1322 3306 ventrali
1334 3255 1349 3322 3·
1374 3230 1547 3329 posterior
1574 3228 1725 3329 expellit

229 3342 447 3454 suilguioem'
461 3362 506 3426 ex'
521 3370 655 3453 organo
676 3351 871 3452 impulsore
891 3368 927 3427 et
948 3352 1105 3428 occurrit
1119 3355 1163 3426 ‘in
1179 3352 1331 3429 vasculis
1344 3349 1564 3425 lateralibus.
1581 3341 1725 3452 Singuli

223 3471 281 3564 jflll
301 3480 421 3547 motus
438 3473 573 3547 slmiles
582 3474 708 3548 locum
723 3474 858 3548 babent
877 3499 922 3548 ex
944 3473 1122 3549 168116
1140 3488 1259 3576 portes
1275 3488 1330 3548 ter
1348 3469 1555 3548 millesimus
1570 3499 1723 3549 sexcen-

225 3581 493 3669 formatore
520 3608 558 3669 et
580 3594 715 3695 singuli
738 3609 856 3671 motus
879 3592 1066 3670 dissimiles
1087 3596 1133 3670 ex'
1156 3599 1184 3671 1
1204 3590 1308 3669 818.

268 3700 538 3795 lbtumtrico'·
551 3717 716 3791 terrestri·
731 3716 793 3789 ille
813 3729 932 3790 motus
951 3741 1024 3788 non
1044 3729 1117 3788 tam
1140 3713 1188 3788 81
1205 3725 1392 3801 externam
1411 3712 1542 3787 faciem
1562 3714 1723 3813 conspici

226 3824 361 3935 8118119
382 3836 545 3909 attamen
558 3838 641 3910 88118
661 3833 716 3910 881
735 3835 884 3914 visibilis
905 3850 951 3911 ut
969 3831 1206 3957 perspiciatur
1226 3830 1440 3936 sauguinem
1459 3836 1582 3909 denuo
1595 3860 1723 3925 ascen-

226 3970 308 4043 sum
325 3958 398 4103 per
415 3956 602 4039 vasculum
623 3957 784 4034 ventrale
807 3958 1025 4111 descendere
1048 3983 1114 4062 per
1136 3950 1290 4050 cortem,
1317 3947 1659 4058 quemadmodum
1640 3979 1722 4059 lum

225 4078 522 4163 68111111181111118.

267 4178 351 4270 111
384 4194 677 4278 Sivumtn'erdcm
707 4194 835 4299 inquit
865 4225 903 4273 se
931 4197 1132 4276 observasse
1164 4165 1434 4272 absolutionem
1470 4194 1691 4299 sauguinis
1678 4186 1943 4284 inobservatum.

225 4314 313 4390 8818
316 4314 598 4400 bumbrimium
623 4316 731 4418 (quoe
752 4326 817 4394 ota
837 4314 991 4418 reperit
994 4322 1033 4393 iu
1059 4318 1218 4394 1881181
1241 4312 1352 4394 verno
1367 4320 1577 4440 tempore).
1609 4315 1718 4392 Nun-

225 4435 337 4549 quelli
362 4434 463 4514 bunc
484 4438 661 4523 motuni*
650 4466 689 4512 m
714 4438 790 4514 ovis'
819 4438 996 4516 videmus.
1032 4435 1227 4571 Quidquid
1251 4428 1540 4552 1811888811,
1553 4431 1719 4554 porviili

222 4540 427 4689 1118118181,
448 4557 543 4642 duas
558 4559 633 4635 881
644 4573 723 4636 tres
736 4560 816 4638 1188
831 4561 908 4664 niti
933 4561 1069 4637 habent
1091 4558 1154 4637 co'r'
1171 4552 1281 4663 atque
1282 4551 1446 4641 vascula
1469 4548 1625 4633 omniuo
1624 4546 1716 4634 118-
