4244 5850
528 644 580 652 ..
836 637 841 643 ,
999 562 1183 657 (ιιιιι),
1360 650 1363 655 .
1485 650 1488 655 ,
1602 652 1607 663 l

307 687 563 807 siologicarum
590 705 650 781 hic
671 702 878 780 conductus
902 726 982 779 non
1004 702 1086 778 fuit.
1107 701 1258 801 sequela
1283 699 1397 803 hujus
1420 702 1589 780 methodi
1612 728 1668 779 res
1693 706 1846 785 videndi

306 819 411 896 facile
423 821 619 897 deducitur
635 849 642 893 :
660 845 730 900 ova
742 835 779 894 et
798 819 911 895 foetus
924 843 1008 918 quae
1027 821 1274 894 inveniuntur
1292 821 1332 924 ιιι
1352 832 1455 919 parte
1468 823 1670 918 posteriore
1682 827 1849 920 corporis

307 932 386 1011 non
409 941 597 1039 pertinent
617 936 664 1011 ad
686 952 842 1038 systema
864 937 1110 1036 generationis
1130 928 1498 1024 Lumbricorum,·et
1518 939 1671 1008 nonnisi
1694 933 1849 1031 totidem

307 1068 396 1128 sunt
409 1052 582 1128 animalia
595 1055 780 1126 intestina.
796 1054 917 1126 Nescit
928 1063 1052 1125 autem
1066 1048 1158 1149 quid
1169 1047 1380 1124 faciendum
1393 1063 1446 1139 est
1460 1047 1506 1122 de
1518 1047 1617 1125 hisce
1627 1050 1849 1151 corporibus

307 1195 391 1267 quae
405 1172 682 1244 nominavimus
697 1169 890 1267 putamina
905 1161 1141 1266 chrysalidea.
1287 1229 1288 1232 ,
1727 1227 1730 1231 .

357 1280 522 1360 Ιιῐίεοιὲ
537 1284 723 1373 dicamus,
739 1296 897 1383 systema
912 1281 1208 1381 reproductionis
1224 1278 1510 1355 Lumbricorum
1527 1307 1596 1357 nos
1607 1282 1731 1373 adhuc
1742 1283 1847 1376 latet,
1914 1357 1915 1360 ,

307 1413 362 1490 et,
378 1396 443 1474 illo
459 1413 626 1498 tempore
644 1422 720 1496 quo
731 1400 932 1496 conscripsi
947 1392 1171 1497 opusculum
1187 1420 1331 1487 mcum,
1347 1400 1486 1471 nimius
1499 1393 1593 1472 mihi
1607 1398 1733 1472 aderat
1746 1399 1849 1499 plroe·

308 1539 561 1590 nomenorum
588 1537 770 1588 numerus
791 1528 843 1587 -ut
873 1516 999 1586 omnia
1032 1510 1151 1589 simul,
1172 1513 1399 1611 conjungere
1423 1529 1460 1585 et
1487 1536 1532 1584 ex
1563 1509 1849 1591 illiadeducere

308 1654 438 1705 verum
461 1628 617 1703 modum
637 1629 884 1727 generationis
905 1624 1042 1701 horum
1062 1625 1280 1728 animalium
1304 1651 1447 1727 possem
1466 1655 1473 1698 :
1494 1652 1571 1727 quo
1593 1625 1635 1702 fit
1657 1644 1700 1702 ut
1723 1637 1849 1724 revera

308 1751 349 1822 in
363 1743 505 1845 aliquot
516 1769 659 1819 errores
676 1744 895 1819 inciderim„
908 1748 1033 1837 Quam
1047 1739 1103 1816 ob
1113 1748 1312 1831 rem,·c1lm
1323 1739 1445 1816 adhuc
1460 1742 1710 1843 possum,<hic-
1719 1747 1848 1820 acerbe

308 1867 349 1936 in
360 1862 455 1935 ¹meae
462 1860 638 1963 juvenilis
652 1864 766 1935 aetaus
780 1863 960 1961 primitias
969 1857 1149 1933 -literarias
1159 1881 1305 1932 severus
1319 1882 1499 1959 perquam
1512 1882 1593 1950 ero,
1606 1875 1643 1933 et
1661 1861 1846 1974 quidquid

308 1975 387 2050 falsi
404 1974 609 2049 emendabo
627 1996 780 2051 :omnes
795 1980 896 2051 enim
913 1972 1084 2049 homines
1100 1989 1247 2075 praestet
1256 1978 1404 2050 Naturae
1416 1978 1604 2052 Scrutator
1623 1979 1740 2050 animi
1761 2002 1845 2052 can·
1971 2052 1976 2061 ,

309 2090 415 2181 dore,
430 2114 629 2191 amoreque
648 2095 821 2167 veritatis.
1322 2155 1326 2161 .
1639 2149 1641 2153 a

360 2208 404 2280 ln
427 2212 589 2282 sectione
608 2212 708 2280 sexta
726 2232 815 2280 meac
837 2207 1118 2300 dissertationis,
1140 2209 1312 2309 plurimis
1329 2207 1441 2300 locis‚·
1455 2213 1590 2283 asserui
1613 2206 1848 2285 mihi-videri
1908 2297 1915 2305 ¹

309 2315 570 2422 spermaticum
581 2322 765 2422 liquorem
780 2320 912 2398 advehi
928 2323 975 2398 ad
989 2329 1112 2399 oraria
1125 2322 1314 2398 canalibus
1327 2322 1595 2421 deferentibus,
1610 2337 1647 2398 et
1658 2324 1845 2401 testiculos

235 2496 243 2512 .
309 2435 408 2511 illam
423 2436 471 2510 oh
486 2464 634 2513 caumm
649 2441 797 2513 excitari
816 2425 1082 2539 appendicibus
1096 2438 1401 2540 generatricibus,
1421 2440 1580 2515 durante
1594 2439 1845 2541 copulatione,

310 2558 349 2626 in
365 2553 510 2630 fissuras
528 2555 661 2630 annuli
688 2555 741 2628 ι6ἰ
765 2553 1242 2647 intrantibusflonstatcl.
1263 2557 1377 2656 Duqes
1395 2559 1541 2656 opinari
1559 2555 1688 2630 iisdem
1710 2554 1848 2637 fissuris

310 2687 453 2770 sperma
473 2671 672 2746 introduci.
700 2673 852 2763 Ovaria,
872 2696 916 2744 eo
941 2687 1123 2773 tempore,
1148 2668 1297 2745 infinito
1327 2672 1485 2746 numero
1512 2674 1847 2747 minutissimorum

309 2808 465 2859 ovorum
486 2783 710 2885 implentur,
726 2802 764 2857 et
777 2812 862 2886 pars
876 2791 1059 2887 posterior
1073 2790 1240 2888 corporis
1253 2811 1321 2860 nec
1341 2812 1426 2879 ova,
1449 2812 1517 2861 nec
1536 2811 1693 2887 corpora
1711 2794 1847 2887 nigres-

308 2884 428 2973 centia
452 2917 653 2991 monstrat,
680 2916 748 2975 etc.
775 2900 910 2999 Aliquo
937 2905 1113 3004 temporis
1134 2905 1252 3001 spatio
1277 2901 1419 3002 elapso,
1444 2897 1521 2978 haec
1546 2904 1848 3004 posteriora,5sat

309 3013 461 3089 notabili
478 3021 602 3116 copia,
620 3014 863 3089 observantur
880 3019 921 3089 in
942 3015 1004 3090 ills
1025 3032 1144 3116 parte,
1168 3031 1205 3089 ct
1229 3042 1427 3118 nunquam
1448 3019 1590 3119 majora
1614 3034 1651 3089 et
1671 3020 1848 3091 crassiora

308 3129 527 3205 evadantur
541 3135 581 3202 in
591 3135 739 3221 ovariis,
749 3156 833 3228 quae
846 3129 999 3228 quidem
1016 3155 1153 3227 organa
1165 3141 1441 3201 communicare
1456 3135 1628 3201 videntur
1641 3160 1729 3203 cum
1745 3149 1848 3233 parte

308 3249 509 3342 posteriore
530 3249 696 3345 corporis
722 3242 968 3347 peculiaribus
992 3240 1184 3332 ductibus,
1202 3241 1368 3332 detectis,
1387 3245 1427 3314 ni
1451 3240 1576 3332 fallor,
1600 3246 1623 3316 a
1647 3242 1847 3322 clarissimo

308 3363 387 3431 viro
408 3361 476 3432 Iso
496 3349 731 3432 berolinensi.
752 3360 950 3456 congeries
966 3381 1123 3432 ovorum
1140 3358 1431 3458 conjunctorum
1455 3381 1525 3459 ope
1543 3365 1707 3435 materiei
1727 3365 1847 3464 cujus·

309 3475 393 3547 dam
420 3479 684 3574 nigrescentis,
698 3476 776 3575 jam
800 3472 950 3548 visibilis
975 3477 1017 3546 in
1044 3476 1204 3564 ovariis,
1220 3478 1276 3547 uti
1301 3477 1379 3575 ipse
1402 3468 1607 3551 observavit
1633 3474 1687 3552 Cl.
1713 3479 1846 3578 Duqes,

309 3594 461 3695 nomine
483 3615 683 3692 corporum
709 3590 940 3665 letiferorum
963 3593 1154 3687 insignivi,
1179 3612 1267 3664 cum
1287 3588 1425 3689 quibus
1456 3605 1580 3663 autem
1607 3592 1717 3667 multi
1742 3598 1848 3670 inve-

308 3710 467 3781 niuntur
493 3729 634 3780 vermes
655 3695 840 3793 intestini,
864 3730 959 3804 quos
972 3772 974 3778 .
988 3702 1188 3803 aliquando
1210 3705 1323 3778 foetus
1347 3729 1453 3780 veros
1466 3703 1593 3780 ,habui
1614 3709 1716 3808 (pag.
1751 3713 1844 3811 197).

309 3820 457 3896 Credidi
477 3819 611 3893 deinde
627 3817 748 3920 pullos
765 3817 912 3892 obvolvi
933 3824 975 3892 in
995 3823 1073 3894 ovis
1093 3818 1298 3896 substantia
1311 3820 1471 3919 quddam
1491 3827 1644 3914 cornea,-
1661 3828 1781 3914 et,·sic
1798 3822 1844 3896 ab

309 3933 379 4009 illis
402 3933 557 4035 praeheri
578 3933 731 4008 secundi
754 3938 910 4034 speciem
924 3937 1049 4008 ‘status
1069 3934 1289 4010 evolationis
1309 3941 1374 4035 qui
1398 3936 1564 4011 medium
1585 3952 1727 4011 teneret
1748 3942 1845 4010 inter

309 4064 445 4125 statum
462 4038 664 4152 perfectum
680 4066 718 4122 et
740 4048 845 4123 illum
861 4074 976 4149 quem
996 4054 1037 4122 in
1054 4075 1124 4125 ovo
1147 4048 1269 4125 adhuc
1286 4050 1562 4179 competebapt3
1585 4052 1688 4126 unde
1705 4076 1845 4127 nomen

310 4153 548 4267 putaminum
573 4162 1009 4268 chrysalideorumbisce
1035 4163 1383 4265 corporibusllavis
1408 4167 1558 4257 danum,
1572 4152 1666 4265 ‘quae
1690 4191 1847 4266 corpora

309 4268 504 4381 nunquam
525 4297 650 4354 tamen
671 4269 855 4355 observari
878 4284 919 4353 in
938 4284 1018 4354 ovis
1039 4279 1218 4355 affirmavi
1239 4260 1338 4382 (pa'g.
1365 4283 1468 4379 200).·
1487 4283 1672 4383 Opinatus
1694 4282 1845 4356 tandem

310 4398 362 4470 fui
378 4402 445 4471 ista
456 4400 655 4496 putamina
673 4399 714 4468 in
737 4419 893 4496 corpore
914 4399 994 4496 ipso
1011 4410 1180 4468 materno
1202 4400 1344 4498 aperire
1360 4411 1396 4475 et
1412 4410 1538 4473 ortum
1555 4392 1717 4495 praebere
1734 4395 1844 4495 pullis

310 4509 596 4586 liumbricorum
615 4539 622 4582 ε
639 4509 742 4611 quod
760 4513 882 4583 revera
896 4509 1095 4609 aliquando
1112 4512 1253 4588 accidit.
1272 4558 1275 4563 >
1418 4512 1422 4520 ’

347 4629 456 4729 'Cum
473 4630 560 4698 novi
577 4651 673 4702 nova
688 4624 829 4700 detecta
845 4621 1055 4702 elflaeonis
1074 4627 1234 4733 Dufour,
1248 4628 1431 4729 quidquid
1449 4626 1744 4718 observaveram,
1769 4651 1846 4700 me-
1891 4621 1892 4624 '

310 4738 571 4843 c'um'reputavi
584 4757 620 4815 et
630 4738 729 4815 mihi·
738 4730 1057 4843 persuasum'fuit,
1070 4743 1254 4848 siquando
1267 4748 1383 4819 erravi
1394 4777 1403 4834 ,
1416 4748 1511 4844 saepe
1519 4743 1566 4817 ad
1580 4747 1770 4818 veritatem
1787 4765 1846 4815 me

311 4855 496 4930 accedisse.
515 4859 560 4930 ln
576 4846 655 4931 ovis
677 4861 801 4931 reveri
821 4863 1013 4956 putamina
1034 4855 1259 4958 chrysalidea
1277 4882 1356 4932 non
1378 4856 1565 4934 observavi
1586 4875 1623 4933 et
1643 4861 1844 4959 prasertim
1879 4862 1907 4885 ‘
