4200 5842
948 512 1102 611 (22⁰)

325 684 476 759 Duobus
499 684 736 757 Lunrbricisa
758 682 870 755 lutere
893 680 1041 778 apertis,
1064 677 1170 751 intuli
1195 680 1405 755 incisionem
1427 681 1809 783 longitudinalema

275 808 417 907 papillis
437 832 553 905 usque
571 832 683 903 prope
702 805 845 877 tertiam
860 802 1093 902 posteriorem
1112 782 1270 898 corporis
1285 816 1437 900 portem.
1461 796 1562 878 Dein
1587 830 1680 879 uno
1697 802 1809 881 atteri

277 927 470 1026 applicato,
493 928 586 1023 ipsos
607 926 716 997 simul
733 922 908 1023 ligabam,
928 918 1099 992 luteribus
1119 921 1333 996 incisionum
1357 925 1505 997 interae
1519 923 1807 1025 tangentibus,

275 1051 352 1120 sine
371 1047 445 1119 utta
463 1060 584 1119 tamen
600 1044 746 1119 laesione
764 1068 981 1143 organorum
996 1044 1235 1116 internorum.
1257 1046 1299 1116 lu
1318 1070 1397 1119 vase
1412 1046 1624 1146 argillueeo
1642 1050 1808 1147 positos,

275 1194 341 1268 per
360 1168 498 1266 aliquos
520 1167 597 1240 dies
618 1169 750 1239 morari
769 1165 941 1239 sinebam.
965 1165 1024 1236 Sic
1046 1167 1095 1234 20
1114 1165 1212 1260 paria
1237 1191 1544 1265 praeparaveram,
1575 1182 1624 1241 et
1649 1170 1678 1263 4
1703 1172 1809 1271 paria

274 1293 370 1362 inter
391 1290 470 1361 hree
495 1290 624 1387 optatis
647 1285 923 1386 responderunt.
946 1284 1078 1359 Tribus
1098 1283 1381 1362 hebdomadibus
1400 1302 1479 1389 post
1501 1292 1811 1389 operationem,

276 1411 316 1483 hi
345 1409 530 1483 Lumbrici
561 1410 704 1483 fortiter
733 1412 829 1483 iuter
860 1434 899 1483 se
929 1406 1184 1501 adhorrebant3
1219 1406 1323 1482 filum
1348 1433 1422 1508 quo
1455 1408 1809 1513 obstringebantur

276 1557 385 1604 muco
416 1529 682 1623 obducebatur,
715 1530 783 1603 hoc
812 1528 933 1630 rejeci.
960 1529 1060 1603 Nihil
1084 1528 1301 1629 singularius
1320 1542 1375 1603 est
1407 1556 1520 1629 quam
1541 1530 1657 1606 duos
1685 1536 1810 1609 Lum-

275 1652 411 1746 bricos,
455 1665 498 1725 ut
529 1654 580 1725 ita
605 1651 722 1725 dicam
747 1665 931 1742 consutos,
958 1664 1078 1724 motus
1105 1651 1220 1724 varios
1255 1652 1483 1724 instituentes
1511 1650 1683 1747 videre,
1721 1658 1810 1755 quia

278 1773 445 1847 voluntas
470 1776 509 1845 in
540 1774 705 1871 utrisque
728 1798 807 1845 raro
829 1772 1015 1871 congruit,
1046 1771 1201 1870 ideoque
1226 1770 1322 1845 ultra
1348 1771 1497 1845 modum
1522 1772 1708 1849 excitari
1736 1802 1812 1849 nou

277 1894 428 1987 debent,
455 1918 503 1968 ne
530 1895 642 1967 nimia
666 1895 703 1967 vi
730 1908 898 1967 motuum
931 1892 1148 1965 lacerentur.

325 2017 381 2086 Ex
404 2016 473 2089 hoe
499 2017 747 2120 experimento
770 2028 871 2113 patet
897 2040 1007 2115 quam
1036 2028 1128 2113 aptae
1154 2015 1227 2086 siut
1247 2012 1441 2087 Annelides
1468 2013 1518 2087 ad
1547 2015 1644 2091 vim
1673 2042 1811 2117 repro·

278 2138 482 2234 ductivam,
499 2153 537 2213 et
556 2152 688 2239 quanta
713 2137 895 2212 celeritate
918 2138 1081 2211 carnium
1101 2134 1267 2209 formatio
1282 2132 1379 2233 apud
1396 2132 1475 2207 illos
1491 2132 1638 2211 locum
1655 2136 1813 2213 babeat.

913 2664 1128 2741 TANTUM.
