4244 5850
1093 519 1110 619 (
1136 520 1211 597 130
1235 520 1252 622 )

420 716 504 766 mna
520 687 654 791 hyeme
674 686 831 762 durante
853 687 952 762 etin
973 685 1098 762 multis
1118 686 1325 791 junioribus
1346 687 1572 786 Lambricis,
1598 691 1699 768 nulla
1716 693 1797 770 fere
1817 718 1932 799 reps-

420 815 487 888 riri
504 837 631 886 earnm
647 810 799 912 ratigia
817 822 856 884 et
870 834 966 911 saepe
987 833 1048 883 eas
1062 813 1210 885 omnino
1226 810 1432 886 desiderari.
1455 812 1514 886 An
1530 815 1717 915 pertinent
1730 816 1778 890 ad
1793 841 1931 920 organa

423 933 681 1036 generationis3
705 957 754 1006 an
772 931 996 1010 evolvuntur
1014 956 1100 1006 cum
1117 930 1175 1006 his
1194 930 1473 1009 tantummodo?
1493 934 1603 1010 Hunc
1622 935 1762 1014 nodum
1776 936 1839 1016 bic
1851 936 1930 1017 eol·

423 1079 511 1131 vere
534 1079 609 1128 non
632 1051 748 1129 valeo.
943 1058 950 1070 ‘

473 1242 512 1315 d.
566 1242 628 1314 De
663 1241 818 1313 circulis
854 1242 936 1315 sive
971 1241 1126 1313 annulis
1164 1241 1284 1340 quasi
1321 1245 1586 1346 cartilagineis
1621 1247 1882 1350 oesopdagum

1005 1363 1341 1437 circumdantibus.

215 1538 238 1593 ri
267 1537 321 1605 ru,
380 1552 403 1608 ι,
474 1530 611 1605 Praeter
622 1527 913 1629 diaphragmata,
931 1528 1052 1603 adhuc
1066 1527 1324 1628 distinguimus
1340 1528 1436 1604 circa
1451 1528 1707 1632 oesophrgum,
1725 1533 1929 1633 praesertim

212 1626 227 1663 ⁶
288 1651 293 1661 ’
423 1676 550 1731 versus
571 1665 691 1751 partes
706 1649 786 1754 ejus
806 1652 941 1726 medias
961 1665 998 1724 et
1017 1651 1225 1744 inferiores,
1248 1650 1430 1726 musculos
1446 1643 1655 1746 mundares,
1672 1653 1932 1752 sationalidos,

423 1786 491 1876 per
516 1799 606 1875 quos
630 1774 745 1850 currit
766 1774 911 1849 canalis.
935 1774 982 1846 Hi
1004 1772 1132 1847 cuculi
1152 1773 1255 1849 hunc
1271 1771 1433 1847 canalem
1451 1772 1685 1874 probabiliter
1708 1776 1933 1853 contrahunt

424 1910 463 1972 et
486 1895 638 1970 dilatant
657 1896 697 1968 in
723 1893 880 1971 transitu
900 1894 1176 1989 alimentorum,
1196 1894 1502 1995 quemadmodum
1522 1895 1615 1971 illud
1635 1897 1676 1971 in
1703 1899 1833 1974 ceteris
1849 1882 1935 1975 aniss

424 2015 581 2092 malibus
604 2016 727 2092 locum
751 2016 872 2090 habet.

475 2137 667 2239 Quidquid
690 2137 736 2212 de
761 2137 831 2213 hac
853 2162 894 2212 re
916 2138 980 2231 sit,
1000 2137 1139 2239 ignoro.
1170 2135 1229 2209 Illi
1253 2135 1380 2212 annuli
1402 2136 1625 2239 cartilaginei
1655 2138 1749 2213 nihil
1773 2138 1934 2218 notabile

423 2258 600 2362 praebent.
624 2261 680 2334 Ex
696 2258 910 2363 supradictis
922 2272 1022 2361 patet
1037 2257 1226 2360 oesophagi
1241 2282 1377 2333 munus
1394 2258 1434 2332 in
1452 2282 1495 2333 eo
1515 2260 1700 2359 praecipue
1717 2262 1870 2358 versari,
1889 2275 1936 2339 ut

426 2383 497 2457 oris
524 2383 694 2457 alimenta
720 2383 768 2457 ad
792 2382 994 2484 ingluviem
1026 2383 1263 2455 transmittat:
1298 2379 1483 2457 sedidem
1508 2381 1602 2456 illud
1627 2408 1805 2483 organum
1826 2381 1937 2459 fulcit

272 2571 276 2582 .
426 2505 548 2580 adhuc
564 2506 632 2580 alia
649 2506 798 2579 maximi
816 2507 991 2578 momenti
1006 2529 1152 2604 organa.
1166 2503 1209 2576 ln
1225 2501 1319 2575 facie
1335 2500 1415 2604 ejus
1426 2500 1555 2576 dorsali
1571 2505 1731 2577 occurrit
1745 2503 1938 2583 vasculum

425 2625 612 2728 peculiare
630 2624 737 2729 cujus
754 2624 897 2700 functio
911 2625 1019 2718 latet,
1039 2623 1149 2698 simod
1167 2649 1252 2698 cum
1270 2621 1416 2699 vasculo
1432 2620 1528 2697 dorsi
1546 2625 1763 2725 sanguineo,
1781 2626 1822 2699 in
1840 2624 1937 2702 facie

428 2745 591 2849 oppositi
613 2745 714 2820 aliud
736 2745 856 2820 adhuc
875 2771 938 2823 vas
953 2743 1139 2821 vasculsre
1161 2744 1343 2845 reperitur
1366 2741 1573 2845 quodcum
1595 2745 1842 2845 precedente,
1865 2770 1936 2849 ope

427 2869 574 2944 filorum
598 2867 911 2963 transversalium,
931 2866 1187 2942 communicat.
1211 2867 1314 2943 Circa
1332 2864 1430 2945 idem
1447 2892 1624 2969 organum
1642 2881 1847 2946 cernuntur
1861 2882 1939 2949 ta-

428 2989 553 3086 tienli,
579 2991 716 3084 ovaria,
746 2988 895 3066 vesiculi
927 2988 1042 3083 aerei,
1070 3001 1140 3063 etc.

479 3110 522 3184 In
544 3110 614 3185 hoc
635 3109 774 3205 studio,
797 3109 916 3185 nullas
938 3109 1049 3214 facies
1069 3121 1134 3184 aut
1156 3107 1268 3187 latera
1291 3108 1490 3210 peculiaria
1512 3107 1679 3207 distinxi,
1706 3114 1793 3214 quia
1814 3112 1937 3190 omnia

430 3245 517 3308 sunt
537 3232 684 3328 similia,
712 3232 904 3308 etidcirco
924 3231 986 3308 illa
1007 3233 1218 3307 minutatim
1242 3232 1444 3308 describere
1466 3247 1560 3309 emet
1581 3233 1728 3310 inutile.

873 3416 937 3489 ΠΙ.
988 3417 1053 3491 De
1081 3416 1274 3516 glandule
1295 3418 1504 3515 peculiari.

224 3593 246 3699 si
261 3593 412 3661 cinnor,
484 3536 700 3681 OEsophago
720 3593 845 3682 aperto
865 3583 905 3654 in
929 3578 1146 3680 quibusdam
1168 3582 1372 3657 Lutnbricis
1393 3584 1575 3684 reperitur
1598 3581 1768 3683 glandula
1789 3583 1945 3658 omnino

265 3700 272 3716 ”
432 3701 626 3803 peculiaris
654 3728 758 3802 quae,
791 3704 837 3820 ni*
857 3701 987 3795 fallor,
1022 3701 1217 3802 quamdam
1246 3702 1385 3803 praebet
1413 3704 1614 3805 analogiam
1645 3729 1730 3777 cum
1758 3702 1944 3804 glandulis

431 3822 605 3898 salinariis
627 3824 782 3898 aliorum
809 3822 1021 3898 animalium
1045 3823 1388 3899 invertebratorum.

483 3943 586 4018 Illam
609 3945 787 4021 delineari
800 3945 879 4045 fig.
904 3946 926 4020 3
951 3959 990 4018 et
1011 3945 1047 4038 4.
1070 3945 1148 4017 tab.
1172 3946 1219 4018 X
1237 3946 1310 4018 bis.
1334 3947 1452 4018 Posito
1475 3958 1529 4019 est
1549 3958 1671 4020 contra
1693 3945 1824 4022 taciem
1846 3970 1965 4022 ven·.

434 4064 563 4142 tralem
586 4066 719 4140 canalis
734 4067 936 4167 oesophagi,
957 4067 1006 4139 ita
1030 4078 1091 4158 nt,
1114 4065 1183 4141 hoc
1200 4080 1343 4167 aperto,
1367 4092 1433 4167 per
1449 4067 1595 4143 dorsum
1615 4068 1785 4168 glandula
1801 4071 1942 4169 optime

433 4191 684 4291 perspiciatur.
720 4191 784 4263 Est
810 4193 938 4284 unica,
961 4188 1179 4282 luciformis,
1204 4188 1250 4263 ad
1277 4189 1367 4264 duas
1389 4213 1472 4263 suas
1497 4191 1744 4264 exucmitates
1773 4188 1946 4266 desinens

433 4311 502 4385 filis
524 4310 710 4386 tenoribus
732 4324 769 4384 et
791 4311 916 4385 solutis
935 4336 1017 4411 quae
1039 4325 1233 4411 penetrant
1255 4338 1389 4413 organa
1408 4309 1700 4415 circumjacentis
1722 4313 1798 4387 sive
1819 4335 1943 4388 mem·

431 4429 560 4506 branae
580 4431 765 4534 oesopbagi
788 4433 964 4534 propriae.
988 4431 1078 4536 Ejus
1100 4433 1308 4509 membrana
1331 4447 1385 4508 est
1400 4433 1561 4507 maxime
1578 4434 1699 4507 tenuis
1719 4447 1757 4508 et
1778 4430 1944 4509 transtu·

431 4551 529 4647 cida3
546 4553 703 4629 ostendit
721 4580 873 4629 succum
886 4553 1026 4649 album,
1043 4556 1240 4651 viscosum,
1258 4556 1499 4632 consistentia
1519 4553 1644 4629 lactcae
1654 4608 1664 4647 ,
1682 4555 1745 4655 qui
1760 4555 1944 4657 integram

428 4671 508 4779 ejus
519 4677 710 4757 cavitatem
721 4676 861 4780 implet.
876 4678 919 4753 ln
930 4676 1009 4754 aliis
1019 4702 1101 4754 eam
1113 4705 1264 4759 vacuam
1276 4681 1436 4782 ideoque
1449 4676 1530 4755 visu
1543 4674 1791 4755 difficillimam
1805 4676 1945 4780 reperi.
