<?xml version="1.0" encoding="UTF-8"?>
<!DOCTYPE html PUBLIC "-//W3C//DTD XHTML 1.0 Transitional//EN"
    "http://www.w3.org/TR/xhtml1/DTD/xhtml1-transitional.dtd">
<html xmlns="http://www.w3.org/1999/xhtml" xml:lang="en" lang="en">
 <head>
  <title>
</title>
<meta http-equiv="Content-Type" content="text/html;charset=utf-8" />
  <meta name='ocr-system' content='tesseract 3.04.00' />
  <meta name='ocr-capabilities' content='ocr_page ocr_carea ocr_par ocr_line ocrx_word'/>
</head>
<body>
  <div class='ocr_page' id='page_1' title='image "./delumbriciterre00morrgoog_0212.png"; bbox 0 0 4244 5850; ppageno 0'>
   <div class='ocr_carea' id='block_1_1' title="bbox 1071 515 1305 612">
    <p class='ocr_par' dir='ltr' id='par_1_1' title="bbox 1071 515 1305 612">
     <span class='ocr_line' id='line_1_1' title="bbox 1071 515 1305 612; baseline 0.013 -27"><span class='ocrx_word' id='word_1_1' title='bbox 1071 515 1224 612; x_wconf 74' lang='lat' dir='ltr'><strong>(aaa)</strong></span> <span class='ocrx_word' id='word_1_2' title='bbox 1304 573 1305 576; x_wconf 7' lang='grc' dir='ltr'>γ</span> 
     </span>
    </p>
   </div>
   <div class='ocr_carea' id='block_1_2' title="bbox 312 676 1906 3296">
    <p class='ocr_par' dir='ltr' id='par_1_2' title="bbox 413 676 1903 1016">
     <span class='ocr_line' id='line_1_2' title="bbox 414 676 1903 785; baseline 0.001 -28"><span class='ocrx_word' id='word_1_3' title='bbox 414 701 575 785; x_wconf 89' lang='lat' dir='ltr'><strong>tempore</strong></span> <span class='ocrx_word' id='word_1_4' title='bbox 605 676 846 773; x_wconf 68' lang='lat' dir='ltr'><strong>evanescunt,</strong></span> <span class='ocrx_word' id='word_1_5' title='bbox 872 679 913 772; x_wconf 74' lang='lat'><strong>4⁰</strong></span> <span class='ocrx_word' id='word_1_6' title='bbox 937 703 1030 777; x_wconf 79' lang='lat' dir='ltr'><strong>saepe</strong></span> <span class='ocrx_word' id='word_1_7' title='bbox 1057 681 1164 751; x_wconf 90' lang='lat' dir='ltr'><strong>unica</strong></span> <span class='ocrx_word' id='word_1_8' title='bbox 1191 679 1323 778; x_wconf 91' lang='lat' dir='ltr'><strong>papilla</strong></span> <span class='ocrx_word' id='word_1_9' title='bbox 1351 678 1566 772; x_wconf 79' lang='lat' dir='ltr'>destruitur,</span> <span class='ocrx_word' id='word_1_10' title='bbox 1592 693 1630 754; x_wconf 88' lang='lat' dir='ltr'><strong>et</strong></span> <span class='ocrx_word' id='word_1_11' title='bbox 1654 681 1752 756; x_wconf 89' lang='lat' dir='ltr'><strong>idem</strong></span> <span class='ocrx_word' id='word_1_12' title='bbox 1778 681 1903 759; x_wconf 84' lang='lat' dir='ltr'><strong>locum</strong></span> 
     </span>
     <span class='ocr_line' id='line_1_3' title="bbox 414 797 1902 904; baseline 0.001 -27"><span class='ocrx_word' id='word_1_13' title='bbox 414 803 523 877; x_wconf 87' lang='lat' dir='ltr'><strong>hahet</strong></span> <span class='ocrx_word' id='word_1_14' title='bbox 542 800 660 902; x_wconf 86' lang='lat' dir='ltr'><strong>quoad</strong></span> <span class='ocrx_word' id='word_1_15' title='bbox 677 799 907 900; x_wconf 75' lang='lat' dir='ltr'><strong>appendices,</strong></span> <span class='ocrx_word' id='word_1_16' title='bbox 926 797 967 873; x_wconf 82' lang='lat'><strong>5⁰</strong></span> <span class='ocrx_word' id='word_1_17' title='bbox 988 799 1221 896; x_wconf 87' lang='lat' dir='ltr'><strong>reperiuntur</strong></span> <span class='ocrx_word' id='word_1_18' title='bbox 1239 798 1423 873; x_wconf 85' lang='lat' dir='ltr'><strong>Lumb&#39;rici</strong></span> <span class='ocrx_word' id='word_1_19' title='bbox 1445 813 1614 874; x_wconf 87' lang='lat' dir='ltr'><strong>coeuntes</strong></span> <span class='ocrx_word' id='word_1_20' title='bbox 1639 803 1747 876; x_wconf 87' lang='lat' dir='ltr'><strong>unico</strong></span> <span class='ocrx_word' id='word_1_21' title='bbox 1766 828 1902 904; x_wconf 89' lang='lat' dir='ltr'><strong>organo</strong></span> 
     </span>
     <span class='ocr_line' id='line_1_4' title="bbox 413 911 1725 1016; baseline -0.002 -21"><span class='ocrx_word' id='word_1_22' title='bbox 413 921 610 995; x_wconf 89' lang='lat' dir='ltr'><strong>masculino</strong></span> <span class='ocrx_word' id='word_1_23' title='bbox 635 933 673 992; x_wconf 89' lang='lat' dir='ltr'><strong>et</strong></span> <span class='ocrx_word' id='word_1_24' title='bbox 696 918 853 1010; x_wconf 85' lang='lat' dir='ltr'><strong>duobus,</strong></span> <span class='ocrx_word' id='word_1_25' title='bbox 880 931 945 989; x_wconf 92' lang='lat' dir='ltr'><strong>aut</strong></span> <span class='ocrx_word' id='word_1_26' title='bbox 964 918 1072 989; x_wconf 87' lang='lat' dir='ltr'><strong>unico</strong></span> <span class='ocrx_word' id='word_1_27' title='bbox 1092 918 1200 988; x_wconf 87' lang='lat' dir='ltr'><strong>etiam</strong></span> <span class='ocrx_word' id='word_1_28' title='bbox 1226 915 1366 990; x_wconf 89' lang='lat' dir='ltr'><strong>duobus</strong></span> <span class='ocrx_word' id='word_1_29' title='bbox 1386 920 1526 1016; x_wconf 75' lang='lat' dir='ltr'><strong>organis</strong></span> <span class='ocrx_word' id='word_1_30' title='bbox 1547 911 1725 992; x_wconf 78' lang='lat' dir='ltr'><strong>femineis.</strong></span> 
     </span>
    </p>

    <p class='ocr_par' dir='ltr' id='par_1_3' title="bbox 412 1036 1906 2338">
     <span class='ocr_line' id='line_1_5' title="bbox 461 1036 1904 1136; baseline 0.003 -25"><span class='ocrx_word' id='word_1_31' title='bbox 461 1043 518 1112; x_wconf 84' lang='lat' dir='ltr'><strong>Ex</strong></span> <span class='ocrx_word' id='word_1_32' title='bbox 547 1039 645 1111; x_wconf 88' lang='lat' dir='ltr'><strong>hisce</strong></span> <span class='ocrx_word' id='word_1_33' title='bbox 678 1037 844 1111; x_wconf 91' lang='lat' dir='ltr'><strong>omnibus</strong></span> <span class='ocrx_word' id='word_1_34' title='bbox 868 1060 989 1108; x_wconf 91' lang='lat' dir='ltr'><strong>nonne</strong></span> <span class='ocrx_word' id='word_1_35' title='bbox 1021 1036 1139 1135; x_wconf 85' lang='lat' dir='ltr'><strong>colligi</strong></span> <span class='ocrx_word' id='word_1_36' title='bbox 1170 1050 1286 1134; x_wconf 86' lang='lat' dir='ltr'><strong>posset</strong></span> <span class='ocrx_word' id='word_1_37' title='bbox 1314 1039 1529 1136; x_wconf 75' lang='lat' dir='ltr'><strong>appendices</strong></span> <span class='ocrx_word' id='word_1_38' title='bbox 1559 1041 1799 1135; x_wconf 80' lang='lat' dir='ltr'><strong>generatrices</strong></span> <span class='ocrx_word' id='word_1_39' title='bbox 1824 1064 1904 1116; x_wconf 77' lang='lat' dir='ltr'><strong>esre</strong></span> 
     </span>
     <span class='ocr_line' id='line_1_6' title="bbox 413 1146 1902 1260; baseline 0 -26"><span class='ocrx_word' id='word_1_40' title='bbox 413 1187 544 1260; x_wconf 87' lang='lat' dir='ltr'><strong>organo</strong></span> <span class='ocrx_word' id='word_1_41' title='bbox 560 1159 756 1241; x_wconf 82' lang='lat' dir='ltr'><strong>masculina</strong></span> <span class='ocrx_word' id='word_1_42' title='bbox 777 1170 815 1230; x_wconf 93' lang='lat' dir='ltr'><strong>et</strong></span> <span class='ocrx_word' id='word_1_43' title='bbox 833 1146 971 1229; x_wconf 86' lang='lat' dir='ltr'><strong>fissuras</strong></span> <span class='ocrx_word' id='word_1_44' title='bbox 993 1154 1052 1230; x_wconf 73' lang='lat'><strong>161</strong></span> <span class='ocrx_word' id='word_1_45' title='bbox 1073 1154 1200 1228; x_wconf 88' lang='lat' dir='ltr'><strong>annuli</strong></span> <span class='ocrx_word' id='word_1_46' title='bbox 1222 1179 1298 1228; x_wconf 89' lang='lat' dir='ltr'><strong>esse</strong></span> <span class='ocrx_word' id='word_1_47' title='bbox 1313 1158 1447 1254; x_wconf 90' lang='lat' dir='ltr'><strong>species</strong></span> <span class='ocrx_word' id='word_1_48' title='bbox 1468 1159 1699 1256; x_wconf 81' lang='lat' dir='ltr'><strong>vaginarum?</strong></span> <span class='ocrx_word' id='word_1_49' title='bbox 1721 1161 1902 1234; x_wconf 80' lang='lat' dir='ltr'><strong>Praeterea</strong></span> 
     </span>
     <span class='ocr_line' id='line_1_7' title="bbox 412 1270 1903 1375; baseline -0.001 -21"><span class='ocrx_word' id='word_1_50' title='bbox 412 1279 587 1354; x_wconf 80' lang='lat' dir='ltr'><strong>clitellam</strong></span> <span class='ocrx_word' id='word_1_51' title='bbox 613 1277 716 1349; x_wconf 89' lang='lat' dir='ltr'><strong>nobis</strong></span> <span class='ocrx_word' id='word_1_52' title='bbox 751 1277 895 1350; x_wconf 87' lang='lat' dir='ltr'><strong>videtur</strong></span> <span class='ocrx_word' id='word_1_53' title='bbox 922 1297 1097 1375; x_wconf 88' lang='lat' dir='ltr'><strong>organum</strong></span> <span class='ocrx_word' id='word_1_54' title='bbox 1131 1271 1238 1346; x_wconf 76' lang='lat' dir='ltr'><strong>unicd</strong></span> <span class='ocrx_word' id='word_1_55' title='bbox 1263 1276 1459 1350; x_wconf 86' lang='lat' dir='ltr'><strong>inserviens</strong></span> <span class='ocrx_word' id='word_1_56' title='bbox 1489 1275 1690 1349; x_wconf 76' lang='lat' dir='ltr'><strong>Lambricia</strong></span> <span class='ocrx_word' id='word_1_57' title='bbox 1725 1270 1903 1352; x_wconf 69' lang='lat' dir='ltr'><strong>affioeime</strong></span> 
     </span>
     <span class='ocr_line' id='line_1_8' title="bbox 413 1388 1901 1501; baseline 0.001 -30"><span class='ocrx_word' id='word_1_58' title='bbox 413 1397 622 1501; x_wconf 83' lang='lat' dir='ltr'><strong>jungendis,</strong></span> <span class='ocrx_word' id='word_1_59' title='bbox 646 1411 683 1468; x_wconf 90' lang='lat' dir='ltr'><strong>et</strong></span> <span class='ocrx_word' id='word_1_60' title='bbox 708 1394 946 1468; x_wconf 75' lang='lat' dir='ltr'><strong>cucurbitula,¹</strong></span> <span class='ocrx_word' id='word_1_61' title='bbox 973 1396 1068 1468; x_wconf 87' lang='lat' dir='ltr'><strong>vices</strong></span> <span class='ocrx_word' id='word_1_62' title='bbox 1089 1418 1209 1493; x_wconf 90' lang='lat' dir='ltr'><strong>agens.</strong></span> <span class='ocrx_word' id='word_1_63' title='bbox 1239 1395 1367 1484; x_wconf 86' lang='lat' dir='ltr'><strong>Quum</strong></span> <span class='ocrx_word' id='word_1_64' title='bbox 1392 1398 1490 1468; x_wconf 88' lang='lat' dir='ltr'><strong>enirn</strong></span> <span class='ocrx_word' id='word_1_65' title='bbox 1515 1396 1729 1472; x_wconf 88' lang='lat' dir='ltr'><strong>Lumbricus</strong></span> <span class='ocrx_word' id='word_1_66' title='bbox 1751 1388 1794 1471; x_wconf 79' lang='lat' dir='ltr'><strong>in</strong></span> <span class='ocrx_word' id='word_1_67' title='bbox 1814 1389 1901 1473; x_wconf 79' lang='lat' dir='ltr'><strong>actu</strong></span> 
     </span>
     <span class='ocr_line' id='line_1_9' title="bbox 414 1514 1906 1616; baseline 0.001 -27"><span class='ocrx_word' id='word_1_68' title='bbox 414 1517 649 1616; x_wconf 82' lang='lat' dir='ltr'><strong>copulationis</strong></span> <span class='ocrx_word' id='word_1_69' title='bbox 674 1515 856 1608; x_wconf 84' lang='lat' dir='ltr'><strong>turbatur,</strong></span> <span class='ocrx_word' id='word_1_70' title='bbox 883 1517 1001 1587; x_wconf 86' lang='lat' dir='ltr'><strong>statim</strong></span> <span class='ocrx_word' id='word_1_71' title='bbox 1021 1514 1264 1602; x_wconf 77' lang='lat' dir='ltr'><strong>contrahitur,</strong></span> <span class='ocrx_word' id='word_1_72' title='bbox 1289 1527 1398 1612; x_wconf 85' lang='lat' dir='ltr'><strong>capnt</strong></span> <span class='ocrx_word' id='word_1_73' title='bbox 1421 1538 1543 1587; x_wconf 87' lang='lat' dir='ltr'><strong>versus</strong></span> <span class='ocrx_word' id='word_1_74' title='bbox 1563 1514 1740 1588; x_wconf 85' lang='lat' dir='ltr'><strong>clitellam</strong></span> <span class='ocrx_word' id='word_1_75' title='bbox 1761 1529 1906 1591; x_wconf 83' lang='lat' dir='ltr'><strong>retroa-</strong></span> 
     </span>
     <span class='ocr_line' id='line_1_10' title="bbox 414 1631 1905 1738; baseline 0 -30"><span class='ocrx_word' id='word_1_76' title='bbox 414 1641 485 1737; x_wconf 92' lang='lat' dir='ltr'><strong>git,</strong></span> <span class='ocrx_word' id='word_1_77' title='bbox 512 1636 642 1738; x_wconf 88' lang='lat' dir='ltr'><strong>etjam</strong></span> <span class='ocrx_word' id='word_1_78' title='bbox 675 1637 813 1709; x_wconf 87' lang='lat' dir='ltr'><strong>solutus</strong></span> <span class='ocrx_word' id='word_1_79' title='bbox 841 1648 916 1727; x_wconf 89' lang='lat' dir='ltr'><strong>est,</strong></span> <span class='ocrx_word' id='word_1_80' title='bbox 949 1634 1063 1709; x_wconf 89' lang='lat' dir='ltr'><strong>donec</strong></span> <span class='ocrx_word' id='word_1_81' title='bbox 1091 1631 1224 1706; x_wconf 92' lang='lat' dir='ltr'><strong>clitello</strong></span> <span class='ocrx_word' id='word_1_82' title='bbox 1252 1632 1372 1706; x_wconf 89' lang='lat' dir='ltr'><strong>adhuc</strong></span> <span class='ocrx_word' id='word_1_83' title='bbox 1396 1633 1522 1707; x_wconf 81' lang='lat' dir='ltr'><strong>haeret.</strong></span> <span class='ocrx_word' id='word_1_84' title='bbox 1552 1633 1623 1706; x_wconf 85' lang='lat' dir='ltr'><strong>Sed</strong></span> <span class='ocrx_word' id='word_1_85' title='bbox 1656 1635 1738 1733; x_wconf 88' lang='lat' dir='ltr'><strong>quis</strong></span> <span class='ocrx_word' id='word_1_86' title='bbox 1761 1634 1905 1736; x_wconf 81' lang='lat' dir='ltr'><strong>rogabit</strong></span> 
     </span>
     <span class='ocr_line' id='line_1_11' title="bbox 413 1754 1905 1856; baseline 0.003 -28"><span class='ocrx_word' id='word_1_87' title='bbox 413 1757 503 1856; x_wconf 88' lang='lat' dir='ltr'><strong>quid</strong></span> <span class='ocrx_word' id='word_1_88' title='bbox 527 1769 633 1856; x_wconf 90' lang='lat' dir='ltr'><strong>agant</strong></span> <span class='ocrx_word' id='word_1_89' title='bbox 653 1757 731 1852; x_wconf 86' lang='lat' dir='ltr'><strong>pori</strong></span> <span class='ocrx_word' id='word_1_90' title='bbox 752 1754 812 1828; x_wconf 76' lang='grc' dir='ltr'><strong>28ῑ</strong></span> <span class='ocrx_word' id='word_1_91' title='bbox 836 1754 989 1829; x_wconf 83' lang='lat' dir='ltr'><strong>annulil</strong></span> <span class='ocrx_word' id='word_1_92' title='bbox 1015 1758 1144 1849; x_wconf 86' lang='lat' dir='ltr'><strong>anad</strong></span> <span class='ocrx_word' id='word_1_93' title='bbox 1168 1782 1228 1830; x_wconf 90' lang='lat' dir='ltr'><strong>eos</strong></span> <span class='ocrx_word' id='word_1_94' title='bbox 1248 1758 1341 1830; x_wconf 89' lang='lat' dir='ltr'><strong>nihil</strong></span> <span class='ocrx_word' id='word_1_95' title='bbox 1361 1758 1536 1831; x_wconf 87' lang='lat' dir='ltr'><strong>affirmare</strong></span> <span class='ocrx_word' id='word_1_96' title='bbox 1557 1757 1694 1853; x_wconf 83' lang='lat' dir='ltr'><strong>aadeo;</strong></span> <span class='ocrx_word' id='word_1_97' title='bbox 1725 1758 1789 1832; x_wconf 89' lang='lat' dir='ltr'><strong>sed</strong></span> <span class='ocrx_word' id='word_1_98' title='bbox 1809 1758 1905 1839; x_wconf 75' lang='lat' dir='ltr'><strong>milri</strong></span> 
     </span>
     <span class='ocr_line' id='line_1_12' title="bbox 413 1876 1906 1978; baseline 0 -25"><span class='ocrx_word' id='word_1_99' title='bbox 413 1878 558 1953; x_wconf 85' lang='lat' dir='ltr'><strong>videtur</strong></span> <span class='ocrx_word' id='word_1_100' title='bbox 587 1878 777 1951; x_wconf 89' lang='lat' dir='ltr'><strong>humorem</strong></span> <span class='ocrx_word' id='word_1_101' title='bbox 807 1879 981 1952; x_wconf 84' lang='lat' dir='ltr'><strong>viscosum</strong></span> <span class='ocrx_word' id='word_1_102' title='bbox 1009 1881 1145 1978; x_wconf 85' lang='lat' dir='ltr'><strong>pariter</strong></span> <span class='ocrx_word' id='word_1_103' title='bbox 1167 1905 1209 1951; x_wconf 89' lang='lat' dir='ltr'><strong>ac</strong></span> <span class='ocrx_word' id='word_1_104' title='bbox 1242 1876 1375 1949; x_wconf 87' lang='lat' dir='ltr'><strong>albidas</strong></span> <span class='ocrx_word' id='word_1_105' title='bbox 1400 1877 1575 1975; x_wconf 88' lang='lat' dir='ltr'><strong>glomulos</strong></span> <span class='ocrx_word' id='word_1_106' title='bbox 1603 1902 1704 1976; x_wconf 85' lang='lat' dir='ltr'><strong>posse</strong></span> <span class='ocrx_word' id='word_1_107' title='bbox 1737 1879 1831 1952; x_wconf 86' lang='lat' dir='ltr'><strong>oriri</strong></span> <span class='ocrx_word' id='word_1_108' title='bbox 1853 1896 1906 1953; x_wconf 78' lang='lat' dir='ltr'><strong>ex·</strong></span> 
     </span>
     <span class='ocr_line' id='line_1_13' title="bbox 413 1994 1906 2098; baseline -0.001 -23"><span class='ocrx_word' id='word_1_109' title='bbox 413 1999 580 2075; x_wconf 76' lang='lat' dir='ltr'><strong>vesiculis</strong></span> <span class='ocrx_word' id='word_1_110' title='bbox 606 2013 670 2072; x_wconf 92' lang='lat' dir='ltr'><strong>aut</strong></span> <span class='ocrx_word' id='word_1_111' title='bbox 697 1998 876 2096; x_wconf 75' lang='lat' dir='ltr'><strong>glandulis</strong></span> <span class='ocrx_word' id='word_1_112' title='bbox 892 1994 984 2097; x_wconf 73' lang='lat' dir='ltr'><strong>¹qnae</strong></span> <span class='ocrx_word' id='word_1_113' title='bbox 1008 2002 1102 2072; x_wconf 86' lang='lat' dir='ltr'><strong>eirca</strong></span> <span class='ocrx_word' id='word_1_114' title='bbox 1126 1998 1302 2071; x_wconf 86' lang='lat' dir='ltr'><strong>clitellam</strong></span> <span class='ocrx_word' id='word_1_115' title='bbox 1330 2009 1544 2089; x_wconf 87' lang='lat' dir='ltr'><strong>occurrunt,</strong></span> <span class='ocrx_word' id='word_1_116' title='bbox 1589 1996 1635 2069; x_wconf 90' lang='lat' dir='ltr'><strong>ad</strong></span> <span class='ocrx_word' id='word_1_117' title='bbox 1655 2008 1795 2095; x_wconf 86' lang='lat' dir='ltr'><strong>partem</strong></span> <span class='ocrx_word' id='word_1_118' title='bbox 1821 1997 1906 2098; x_wconf 74' lang='lat' dir='ltr'><strong>ejus</strong></span> 
     </span>
     <span class='ocr_line' id='line_1_14' title="bbox 413 2115 1904 2220; baseline 0.001 -28"><span class='ocrx_word' id='word_1_119' title='bbox 413 2120 616 2209; x_wconf 84' lang='lat' dir='ltr'><strong>internam,</strong></span> <span class='ocrx_word' id='word_1_120' title='bbox 643 2131 681 2190; x_wconf 89' lang='lat' dir='ltr'><strong>et</strong></span> <span class='ocrx_word' id='word_1_121' title='bbox 701 2116 801 2220; x_wconf 86' lang='lat' dir='ltr'><strong>rejici</strong></span> <span class='ocrx_word' id='word_1_122' title='bbox 827 2143 893 2215; x_wconf 90' lang='lat' dir='ltr'><strong>per</strong></span> <span class='ocrx_word' id='word_1_123' title='bbox 914 2117 992 2191; x_wconf 89' lang='lat' dir='ltr'><strong>illas</strong></span> <span class='ocrx_word' id='word_1_124' title='bbox 1016 2122 1156 2192; x_wconf 87' lang='lat' dir='ltr'><strong>fissuras</strong></span> <span class='ocrx_word' id='word_1_125' title='bbox 1180 2117 1240 2193; x_wconf 68' lang='lat'><strong>281</strong></span> <span class='ocrx_word' id='word_1_126' title='bbox 1270 2116 1408 2190; x_wconf 89' lang='lat' dir='ltr'><strong>annuli.</strong></span> <span class='ocrx_word' id='word_1_127' title='bbox 1436 2116 1539 2189; x_wconf 87' lang='lat' dir='ltr'><strong>Hanc</strong></span> <span class='ocrx_word' id='word_1_128' title='bbox 1565 2115 1770 2215; x_wconf 87' lang='lat' dir='ltr'><strong>opinionem</strong></span> <span class='ocrx_word' id='word_1_129' title='bbox 1795 2129 1904 2193; x_wconf 78' lang='lat' dir='ltr'><strong>caute</strong></span> 
     </span>
     <span class='ocr_line' id='line_1_15' title="bbox 413 2237 1085 2338; baseline 0.001 -27"><span class='ocrx_word' id='word_1_130' title='bbox 413 2239 662 2312; x_wconf 87' lang='lat' dir='ltr'><strong>tantummodo</strong></span> <span class='ocrx_word' id='word_1_131' title='bbox 682 2238 722 2310; x_wconf 89' lang='lat' dir='ltr'><strong>in</strong></span> <span class='ocrx_word' id='word_1_132' title='bbox 744 2237 906 2312; x_wconf 89' lang='lat' dir='ltr'><strong>medium</strong></span> <span class='ocrx_word' id='word_1_133' title='bbox 929 2239 1085 2338; x_wconf 83' lang='lat' dir='ltr'><strong>profero.</strong></span> 
     </span>
    </p>

    <p class='ocr_par' dir='ltr' id='par_1_4' title="bbox 312 2354 1905 3296">
     <span class='ocr_line' id='line_1_16' title="bbox 460 2354 1900 2456; baseline -0.004 -26"><span class='ocrx_word' id='word_1_134' title='bbox 460 2356 570 2431; x_wconf 89' lang='lat' dir='ltr'><strong>Nobis</strong></span> <span class='ocrx_word' id='word_1_135' title='bbox 600 2357 782 2456; x_wconf 87' lang='lat' dir='ltr'><strong>reliquum</strong></span> <span class='ocrx_word' id='word_1_136' title='bbox 814 2372 935 2431; x_wconf 87' lang='lat' dir='ltr'><strong>manet</strong></span> <span class='ocrx_word' id='word_1_137' title='bbox 966 2361 1059 2434; x_wconf 85' lang='lat' dir='ltr'><strong>scitu</strong></span> <span class='ocrx_word' id='word_1_138' title='bbox 1091 2383 1137 2433; x_wconf 81' lang='lat' dir='ltr'><strong>an</strong></span> <span class='ocrx_word' id='word_1_139' title='bbox 1164 2371 1246 2433; x_wconf 84' lang='lat' dir='ltr'><strong>utra</strong></span> <span class='ocrx_word' id='word_1_140' title='bbox 1276 2355 1455 2456; x_wconf 80' lang='lat' dir='ltr'><strong>appendix</strong></span> <span class='ocrx_word' id='word_1_141' title='bbox 1487 2354 1702 2426; x_wconf 87' lang='lat' dir='ltr'><strong>transmittat</strong></span> <span class='ocrx_word' id='word_1_142' title='bbox 1734 2378 1900 2452; x_wconf 80' lang='lat' dir='ltr'><strong>sperma,</strong></span> 
     </span>
     <span class='ocr_line' id='line_1_17' title="bbox 413 2462 1903 2577; baseline 0 -30"><span class='ocrx_word' id='word_1_143' title='bbox 413 2501 541 2573; x_wconf 82' lang='lat' dir='ltr'><strong>necne.</strong></span> <span class='ocrx_word' id='word_1_144' title='bbox 576 2478 764 2568; x_wconf 86' lang='lat' dir='ltr'><strong>Primum,</strong></span> <span class='ocrx_word' id='word_1_145' title='bbox 797 2479 836 2548; x_wconf 90' lang='lat' dir='ltr'><strong>in</strong></span> <span class='ocrx_word' id='word_1_146' title='bbox 872 2477 943 2550; x_wconf 87' lang='lat' dir='ltr'><strong>illis</strong></span> <span class='ocrx_word' id='word_1_147' title='bbox 969 2504 1042 2552; x_wconf 88' lang='lat' dir='ltr'><strong>non</strong></span> <span class='ocrx_word' id='word_1_148' title='bbox 1071 2481 1191 2577; x_wconf 86' lang='lat' dir='ltr'><strong>reperi</strong></span> <span class='ocrx_word' id='word_1_149' title='bbox 1216 2475 1377 2550; x_wconf 87' lang='lat' dir='ltr'><strong>canalem</strong></span> <span class='ocrx_word' id='word_1_150' title='bbox 1408 2475 1615 2546; x_wconf 81' lang='lat' dir='ltr'><strong>interiorem</strong></span> <span class='ocrx_word' id='word_1_151' title='bbox 1644 2462 1826 2546; x_wconf 85' lang='lat' dir='ltr'><strong>etnescio</strong></span> <span class='ocrx_word' id='word_1_152' title='bbox 1853 2498 1903 2547; x_wconf 87' lang='lat' dir='ltr'><strong>an</strong></span> 
     </span>
     <span class='ocr_line' id='line_1_18' title="bbox 413 2586 1902 2694; baseline -0.001 -27"><span class='ocrx_word' id='word_1_153' title='bbox 413 2617 540 2669; x_wconf 85' lang='lat' dir='ltr'><strong>revera</strong></span> <span class='ocrx_word' id='word_1_154' title='bbox 563 2597 702 2687; x_wconf 77' lang='lat' dir='ltr'><strong>eristit3</strong></span> <span class='ocrx_word' id='word_1_155' title='bbox 724 2594 882 2668; x_wconf 86' lang='lat' dir='ltr'><strong>secundo</strong></span> <span class='ocrx_word' id='word_1_156' title='bbox 902 2597 1041 2671; x_wconf 89' lang='lat' dir='ltr'><strong>nullam</strong></span> <span class='ocrx_word' id='word_1_157' title='bbox 1063 2599 1137 2672; x_wconf 86' lang='lat' dir='ltr'><strong>vidi</strong></span> <span class='ocrx_word' id='word_1_158' title='bbox 1159 2586 1368 2672; x_wconf 76' lang='lat' dir='ltr'><strong>relationem</strong></span> <span class='ocrx_word' id='word_1_159' title='bbox 1384 2591 1628 2667; x_wconf 83' lang='lat' dir='ltr'><strong>immediatam</strong></span> <span class='ocrx_word' id='word_1_160' title='bbox 1643 2593 1739 2665; x_wconf 85' lang='lat' dir='ltr'><strong>inter</strong></span> <span class='ocrx_word' id='word_1_161' title='bbox 1759 2617 1902 2694; x_wconf 83' lang='lat' dir='ltr'><strong>appen-</strong></span> 
     </span>
     <span class='ocr_line' id='line_1_19' title="bbox 312 2710 1899 2816; baseline -0.001 -28"><span class='ocrx_word' id='word_1_162' title='bbox 312 2732 316 2740; x_wconf 84' lang='lat'>&#39;</span> <span class='ocrx_word' id='word_1_163' title='bbox 414 2714 511 2788; x_wconf 89' lang='lat' dir='ltr'><strong>dices</strong></span> <span class='ocrx_word' id='word_1_164' title='bbox 526 2728 562 2787; x_wconf 89' lang='lat' dir='ltr'><strong>et</strong></span> <span class='ocrx_word' id='word_1_165' title='bbox 578 2714 758 2814; x_wconf 87' lang='lat' dir='ltr'><strong>quoddam</strong></span> <span class='ocrx_word' id='word_1_166' title='bbox 774 2741 949 2814; x_wconf 88' lang='lat' dir='ltr'><strong>organum</strong></span> <span class='ocrx_word' id='word_1_167' title='bbox 969 2720 1207 2816; x_wconf 85' lang='lat' dir='ltr'><strong>generationis</strong></span> <span class='ocrx_word' id='word_1_168' title='bbox 1223 2720 1420 2790; x_wconf 83' lang='lat' dir='ltr'><strong>internum.</strong></span> <span class='ocrx_word' id='word_1_169' title='bbox 1434 2711 1540 2784; x_wconf 82' lang='lat' dir='ltr'><strong>Hisce</strong></span> <span class='ocrx_word' id='word_1_170' title='bbox 1554 2710 1751 2785; x_wconf 81' lang='lat' dir='ltr'><strong>rationibus</strong></span> <span class='ocrx_word' id='word_1_171' title='bbox 1761 2725 1899 2805; x_wconf 80' lang='lat' dir='ltr'><strong>motus,</strong></span> 
     </span>
     <span class='ocr_line' id='line_1_20' title="bbox 412 2829 1905 2934; baseline -0.003 -27"><span class='ocrx_word' id='word_1_172' title='bbox 412 2834 566 2907; x_wconf 88' lang='lat' dir='ltr'><strong>arbitror</strong></span> <span class='ocrx_word' id='word_1_173' title='bbox 587 2834 667 2907; x_wconf 89' lang='lat' dir='ltr'><strong>illas</strong></span> <span class='ocrx_word' id='word_1_174' title='bbox 688 2834 903 2933; x_wconf 84' lang='lat' dir='ltr'><strong>appendices</strong></span> <span class='ocrx_word' id='word_1_175' title='bbox 922 2838 1065 2909; x_wconf 88' lang='lat' dir='ltr'><strong>nonnisi</strong></span> <span class='ocrx_word' id='word_1_176' title='bbox 1085 2861 1160 2910; x_wconf 87' lang='lat' dir='ltr'><strong>esse</strong></span> <span class='ocrx_word' id='word_1_177' title='bbox 1182 2859 1315 2934; x_wconf 86' lang='lat' dir='ltr'><strong>organa</strong></span> <span class='ocrx_word' id='word_1_178' title='bbox 1343 2829 1559 2921; x_wconf 86' lang='lat' dir='ltr'><strong>excitantia,</strong></span> <span class='ocrx_word' id='word_1_179' title='bbox 1583 2842 1621 2902; x_wconf 88' lang='lat' dir='ltr'><strong>et</strong></span> <span class='ocrx_word' id='word_1_180' title='bbox 1642 2853 1767 2903; x_wconf 84' lang='lat' dir='ltr'><strong>eamrn</strong></span> <span class='ocrx_word' id='word_1_181' title='bbox 1784 2831 1905 2903; x_wconf 78' lang='lat' dir='ltr'><strong>actia-</strong></span> 
     </span>
     <span class='ocr_line' id='line_1_21' title="bbox 411 2949 1902 3055; baseline -0.003 -27"><span class='ocrx_word' id='word_1_182' title='bbox 411 2980 497 3028; x_wconf 92' lang='lat' dir='ltr'><strong>nem</strong></span> <span class='ocrx_word' id='word_1_183' title='bbox 528 2957 566 3027; x_wconf 88' lang='lat' dir='ltr'><strong>in</strong></span> <span class='ocrx_word' id='word_1_184' title='bbox 588 2979 631 3028; x_wconf 88' lang='lat' dir='ltr'><strong>co</strong></span> <span class='ocrx_word' id='word_1_185' title='bbox 653 2955 785 3031; x_wconf 85' lang='lat' dir='ltr'><strong>versari</strong></span> <span class='ocrx_word' id='word_1_186' title='bbox 807 2969 850 3029; x_wconf 90' lang='lat' dir='ltr'><strong>ut</strong></span> <span class='ocrx_word' id='word_1_187' title='bbox 870 2969 1023 3055; x_wconf 86' lang='lat' dir='ltr'><strong>agentur</strong></span> <span class='ocrx_word' id='word_1_188' title='bbox 1043 2955 1200 3030; x_wconf 86' lang='lat' dir='ltr'><strong>testiculi</strong></span> <span class='ocrx_word' id='word_1_189' title='bbox 1221 2978 1310 3054; x_wconf 89' lang='lat' dir='ltr'><strong>quos</strong></span> <span class='ocrx_word' id='word_1_190' title='bbox 1329 2950 1515 3025; x_wconf 86' lang='lat' dir='ltr'><strong>stimulant</strong></span> <span class='ocrx_word' id='word_1_191' title='bbox 1533 2975 1546 3019; x_wconf 73' lang='lat' dir='ltr'><strong>t</strong></span> <span class='ocrx_word' id='word_1_192' title='bbox 1567 2949 1633 3020; x_wconf 92' lang='lat' dir='ltr'><strong>hos</strong></span> <span class='ocrx_word' id='word_1_193' title='bbox 1658 2949 1902 3023; x_wconf 76' lang='lat' dir='ltr'><strong>transmittere</strong></span> 
     </span>
     <span class='ocr_line' id='line_1_22' title="bbox 413 3067 1904 3176; baseline -0.002 -29"><span class='ocrx_word' id='word_1_194' title='bbox 413 3100 553 3174; x_wconf 89' lang='lat' dir='ltr'><strong>sperma</strong></span> <span class='ocrx_word' id='word_1_195' title='bbox 584 3077 675 3172; x_wconf 92' lang='lat' dir='ltr'><strong>(aut</strong></span> <span class='ocrx_word' id='word_1_196' title='bbox 699 3074 876 3173; x_wconf 89' lang='lat' dir='ltr'><strong>liquorem</strong></span> <span class='ocrx_word' id='word_1_197' title='bbox 902 3075 1059 3150; x_wconf 85' lang='lat' dir='ltr'><strong>lacteum</strong></span> <span class='ocrx_word' id='word_1_198' title='bbox 1085 3100 1194 3176; x_wconf 88' lang='lat' dir='ltr'><strong>quem</strong></span> <span class='ocrx_word' id='word_1_199' title='bbox 1218 3072 1430 3170; x_wconf 91' lang='lat' dir='ltr'><strong>continent)</strong></span> <span class='ocrx_word' id='word_1_200' title='bbox 1458 3072 1498 3142; x_wconf 93' lang='lat' dir='ltr'><strong>in</strong></span> <span class='ocrx_word' id='word_1_201' title='bbox 1522 3071 1641 3144; x_wconf 84' lang='lat' dir='ltr'><strong>oraria</strong></span> <span class='ocrx_word' id='word_1_202' title='bbox 1667 3094 1732 3168; x_wconf 90' lang='lat' dir='ltr'><strong>per</strong></span> <span class='ocrx_word' id='word_1_203' title='bbox 1757 3067 1904 3144; x_wconf 74' lang='lat' dir='ltr'><strong>candes</strong></span> 
     </span>
     <span class='ocr_line' id='line_1_23' title="bbox 412 3174 1841 3296; baseline -0.006 -30"><span class='ocrx_word' id='word_1_204' title='bbox 412 3194 634 3290; x_wconf 73' lang='lat' dir='ltr'><strong>deferentes,</strong></span> <span class='ocrx_word' id='word_1_205' title='bbox 659 3207 698 3268; x_wconf 89' lang='lat' dir='ltr'><strong>et</strong></span> <span class='ocrx_word' id='word_1_206' title='bbox 719 3195 770 3267; x_wconf 89' lang='lat' dir='ltr'><strong>sic</strong></span> <span class='ocrx_word' id='word_1_207' title='bbox 789 3208 911 3268; x_wconf 89' lang='lat' dir='ltr'><strong>actum</strong></span> <span class='ocrx_word' id='word_1_208' title='bbox 930 3195 1213 3296; x_wconf 86' lang='lat' dir='ltr'><strong>reproductionis</strong></span> <span class='ocrx_word' id='word_1_209' title='bbox 1233 3194 1278 3269; x_wconf 89' lang='lat' dir='ltr'><strong>ad</strong></span> <span class='ocrx_word' id='word_1_210' title='bbox 1298 3191 1468 3264; x_wconf 81' lang='lat' dir='ltr'><strong>affectum</strong></span> <span class='ocrx_word' id='word_1_211' title='bbox 1489 3187 1653 3291; x_wconf 87' lang='lat' dir='ltr'><strong>perduci.</strong></span> <span class='ocrx_word' id='word_1_212' title='bbox 1833 3174 1841 3182; x_wconf 46' lang='lat'><em>⁵</em></span> 
     </span>
    </p>
   </div>
   <div class='ocr_carea' id='block_1_3' title="bbox 906 3468 1403 3544">
    <p class='ocr_par' dir='ltr' id='par_1_5' title="bbox 906 3468 1403 3544">
     <span class='ocr_line' id='line_1_24' title="bbox 906 3468 1403 3544; baseline -0.004 -2"><span class='ocrx_word' id='word_1_213' title='bbox 906 3470 1089 3544; x_wconf 84' lang='lat' dir='ltr'>CAPUT</span> <span class='ocrx_word' id='word_1_214' title='bbox 1141 3468 1403 3544; x_wconf 84' lang='lat' dir='ltr'><strong>TERTIUM.</strong></span> 
     </span>
    </p>
   </div>
   <div class='ocr_carea' id='block_1_4' title="bbox 563 3682 1735 3746">
    <p class='ocr_par' dir='ltr' id='par_1_6' title="bbox 563 3682 1735 3746">
     <span class='ocr_line' id='line_1_25' title="bbox 563 3682 1735 3746; baseline -0.004 -11"><span class='ocrx_word' id='word_1_215' title='bbox 563 3689 613 3735; x_wconf 71' lang='lat' dir='ltr'><strong>nt:</strong></span> <span class='ocrx_word' id='word_1_216' title='bbox 652 3684 961 3736; x_wconf 69' lang='lat' dir='ltr'><strong>racurnmorte</strong></span> <span class='ocrx_word' id='word_1_217' title='bbox 1001 3686 1171 3738; x_wconf 71' lang='lat' dir='ltr'>OVORUM</span> <span class='ocrx_word' id='word_1_218' title='bbox 1206 3686 1422 3746; x_wconf 72' lang='lat' dir='ltr'><strong>EORUMQUE</strong></span> <span class='ocrx_word' id='word_1_219' title='bbox 1458 3682 1735 3733; x_wconf 78' lang='lat' dir='ltr'><strong>evonnrtotte.</strong></span> 
     </span>
    </p>
   </div>
   <div class='ocr_carea' id='block_1_5' title="bbox 390 3862 1904 4680">
    <p class='ocr_par' dir='ltr' id='par_1_7' title="bbox 390 3862 1904 4680">
     <span class='ocr_line' id='line_1_26' title="bbox 459 3862 1904 3970; baseline -0.003 -27"><span class='ocrx_word' id='word_1_220' title='bbox 459 3871 502 3943; x_wconf 89' lang='lat' dir='ltr'><strong>ln</strong></span> <span class='ocrx_word' id='word_1_221' title='bbox 530 3870 600 3942; x_wconf 86' lang='lat' dir='ltr'><strong>hoc</strong></span> <span class='ocrx_word' id='word_1_222' title='bbox 621 3871 737 3967; x_wconf 84' lang='lat' dir='ltr'><strong>capite</strong></span> <span class='ocrx_word' id='word_1_223' title='bbox 762 3868 971 3945; x_wconf 89' lang='lat' dir='ltr'><strong>nullomodo</strong></span> <span class='ocrx_word' id='word_1_224' title='bbox 996 3870 1218 3970; x_wconf 83' lang='lat' dir='ltr'><strong>propositum</strong></span> <span class='ocrx_word' id='word_1_225' title='bbox 1243 3867 1419 3941; x_wconf 86' lang='lat' dir='ltr'><strong>habemus</strong></span> <span class='ocrx_word' id='word_1_226' title='bbox 1443 3890 1622 3965; x_wconf 87' lang='lat' dir='ltr'><strong>exponere</strong></span> <span class='ocrx_word' id='word_1_227' title='bbox 1656 3862 1835 3966; x_wconf 58' lang='lat' dir='ltr'><strong>mornado</strong></span> <span class='ocrx_word' id='word_1_228' title='bbox 1858 3879 1904 3939; x_wconf 79' lang='lat' dir='ltr'><strong>et</strong></span> 
     </span>
     <span class='ocr_line' id='line_1_27' title="bbox 413 3987 1898 4090; baseline 0.001 -28"><span class='ocrx_word' id='word_1_229' title='bbox 413 3989 569 4090; x_wconf 69' lang='lat' dir='ltr'><strong>quinam</strong></span> <span class='ocrx_word' id='word_1_230' title='bbox 596 3991 735 4061; x_wconf 87' lang='lat' dir='ltr'><strong>actione</strong></span> <span class='ocrx_word' id='word_1_231' title='bbox 760 3989 888 4063; x_wconf 73' lang='lat' dir='ltr'><strong>intimi</strong></span> <span class='ocrx_word' id='word_1_232' title='bbox 913 4017 979 4066; x_wconf 82' lang='lat' dir='ltr'><strong>ova</strong></span> <span class='ocrx_word' id='word_1_233' title='bbox 1001 3989 1262 4082; x_wconf 82' lang='lat' dir='ltr'><strong>fecundantur,</strong></span> <span class='ocrx_word' id='word_1_234' title='bbox 1293 3987 1471 4088; x_wconf 88' lang='lat' dir='ltr'><strong>quomodo</strong></span> <span class='ocrx_word' id='word_1_235' title='bbox 1498 3988 1698 4062; x_wconf 86' lang='lat' dir='ltr'><strong>vivificatur</strong></span> <span class='ocrx_word' id='word_1_236' title='bbox 1719 4010 1898 4086; x_wconf 83' lang='lat' dir='ltr'><strong>germen,</strong></span> 
     </span>
     <span class='ocr_line' id='line_1_28' title="bbox 390 4104 1899 4208; baseline 0.004 -33"><span class='ocrx_word' id='word_1_237' title='bbox 390 4120 481 4182; x_wconf 78' lang='lat' dir='ltr'><strong>etc.</strong></span> <span class='ocrx_word' id='word_1_238' title='bbox 503 4105 579 4178; x_wconf 78' lang='lat' dir='ltr'><strong>111ae</strong></span> <span class='ocrx_word' id='word_1_239' title='bbox 600 4107 813 4205; x_wconf 85' lang='lat' dir='ltr'><strong>quaestiones</strong></span> <span class='ocrx_word' id='word_1_240' title='bbox 828 4106 931 4182; x_wconf 87' lang='lat' dir='ltr'><strong>nobis</strong></span> <span class='ocrx_word' id='word_1_241' title='bbox 950 4122 1134 4208; x_wconf 81' lang='lat' dir='ltr'><strong>tamquam</strong></span> <span class='ocrx_word' id='word_1_242' title='bbox 1154 4133 1282 4182; x_wconf 89' lang='lat' dir='ltr'><strong>arcana</strong></span> <span class='ocrx_word' id='word_1_243' title='bbox 1307 4112 1478 4199; x_wconf 85' lang='lat' dir='ltr'><strong>veniunt,</strong></span> <span class='ocrx_word' id='word_1_244' title='bbox 1501 4107 1563 4181; x_wconf 87' lang='lat' dir='ltr'><strong>sed</strong></span> <span class='ocrx_word' id='word_1_245' title='bbox 1581 4111 1620 4180; x_wconf 93' lang='lat' dir='ltr'><strong>in</strong></span> <span class='ocrx_word' id='word_1_246' title='bbox 1642 4107 1761 4180; x_wconf 89' lang='lat' dir='ltr'><strong>animo</strong></span> <span class='ocrx_word' id='word_1_247' title='bbox 1780 4104 1899 4181; x_wconf 84' lang='lat' dir='ltr'><strong>habe·</strong></span> 
     </span>
     <span class='ocr_line' id='line_1_29' title="bbox 409 4222 1903 4326; baseline 0.002 -26"><span class='ocrx_word' id='word_1_248' title='bbox 409 4250 492 4300; x_wconf 81' lang='lat' dir='ltr'><strong>mus</strong></span> <span class='ocrx_word' id='word_1_249' title='bbox 509 4224 696 4301; x_wconf 85' lang='lat' dir='ltr'><strong>ostendere</strong></span> <span class='ocrx_word' id='word_1_250' title='bbox 711 4250 882 4324; x_wconf 84' lang='lat' dir='ltr'><strong>quosnam</strong></span> <span class='ocrx_word' id='word_1_251' title='bbox 903 4252 978 4301; x_wconf 87' lang='lat' dir='ltr'><strong>esse</strong></span> <span class='ocrx_word' id='word_1_252' title='bbox 1001 4229 1152 4303; x_wconf 86' lang='lat' dir='ltr'><strong>effectus</strong></span> <span class='ocrx_word' id='word_1_253' title='bbox 1174 4227 1434 4303; x_wconf 81' lang='lat' dir='ltr'><strong>fecundationis</strong></span> <span class='ocrx_word' id='word_1_254' title='bbox 1461 4225 1570 4326; x_wconf 87' lang='lat' dir='ltr'><strong>hujus</strong></span> <span class='ocrx_word' id='word_1_255' title='bbox 1591 4225 1785 4326; x_wconf 87' lang='lat' dir='ltr'><strong>germinis,</strong></span> <span class='ocrx_word' id='word_1_256' title='bbox 1815 4222 1903 4326; x_wconf 82' lang='lat' dir='ltr'><strong>ejus-</strong></span> 
     </span>
     <span class='ocr_line' id='line_1_30' title="bbox 409 4340 1898 4447; baseline 0.001 -29"><span class='ocrx_word' id='word_1_257' title='bbox 409 4344 670 4435; x_wconf 82' lang='lat' dir='ltr'><strong>erolutionem,</strong></span> <span class='ocrx_word' id='word_1_258' title='bbox 696 4346 855 4443; x_wconf 89' lang='lat' dir='ltr'><strong>primum</strong></span> <span class='ocrx_word' id='word_1_259' title='bbox 873 4346 1077 4447; x_wconf 84' lang='lat' dir='ltr'><strong>embryonis</strong></span> <span class='ocrx_word' id='word_1_260' title='bbox 1100 4361 1251 4440; x_wconf 83' lang='lat' dir='ltr'><strong>statum,</strong></span> <span class='ocrx_word' id='word_1_261' title='bbox 1275 4361 1344 4422; x_wconf 86' lang='lat' dir='ltr'><strong>etc.</strong></span> <span class='ocrx_word' id='word_1_262' title='bbox 1372 4345 1597 4439; x_wconf 86' lang='lat' dir='ltr'><strong>Quibusdam</strong></span> <span class='ocrx_word' id='word_1_263' title='bbox 1618 4345 1748 4419; x_wconf 88' lang='lat' dir='ltr'><strong>horum</strong></span> <span class='ocrx_word' id='word_1_264' title='bbox 1770 4340 1898 4445; x_wconf 79' lang='lat' dir='ltr'><strong>obiec-</strong></span> 
     </span>
     <span class='ocr_line' id='line_1_31' title="bbox 408 4461 1896 4567; baseline 0.005 -31"><span class='ocrx_word' id='word_1_265' title='bbox 408 4475 529 4537; x_wconf 88' lang='lat' dir='ltr'><strong>torum</strong></span> <span class='ocrx_word' id='word_1_266' title='bbox 559 4487 706 4562; x_wconf 88' lang='lat' dir='ltr'><strong>operam</strong></span> <span class='ocrx_word' id='word_1_267' title='bbox 735 4461 913 4539; x_wconf 67' lang='lat' dir='ltr'><strong>naverunt</strong></span> <span class='ocrx_word' id='word_1_268' title='bbox 944 4465 1079 4541; x_wconf 86' lang='lat' dir='ltr'><strong>laudati</strong></span> <span class='ocrx_word' id='word_1_269' title='bbox 1107 4481 1293 4560; x_wconf 72' lang='lat' dir='ltr'><strong>auctores,</strong></span> <span class='ocrx_word' id='word_1_270' title='bbox 1331 4467 1394 4541; x_wconf 85' lang='lat' dir='ltr'><strong>sed</strong></span> <span class='ocrx_word' id='word_1_271' title='bbox 1426 4469 1596 4567; x_wconf 88' lang='lat' dir='ltr'><strong>quoniam</strong></span> <span class='ocrx_word' id='word_1_272' title='bbox 1632 4468 1710 4540; x_wconf 85' lang='lat' dir='ltr'><strong>fere</strong></span> <span class='ocrx_word' id='word_1_273' title='bbox 1740 4490 1896 4561; x_wconf 78' lang='lat' dir='ltr'><strong>omnes,</strong></span> 
     </span>
     <span class='ocr_line' id='line_1_32' title="bbox 408 4580 1894 4680; baseline 0.004 -27"><span class='ocrx_word' id='word_1_274' title='bbox 408 4580 526 4679; x_wconf 89' lang='lat' dir='ltr'><strong>quoad</strong></span> <span class='ocrx_word' id='word_1_275' title='bbox 546 4581 695 4655; x_wconf 88' lang='lat' dir='ltr'><strong>modum</strong></span> <span class='ocrx_word' id='word_1_276' title='bbox 718 4584 955 4680; x_wconf 87' lang='lat' dir='ltr'><strong>generationis</strong></span> <span class='ocrx_word' id='word_1_277' title='bbox 976 4582 1268 4680; x_wconf 88' lang='lat' dir='ltr'><strong>Lumbricorum,</strong></span> <span class='ocrx_word' id='word_1_278' title='bbox 1290 4589 1331 4661; x_wconf 90' lang='lat' dir='ltr'><strong>in</strong></span> <span class='ocrx_word' id='word_1_279' title='bbox 1350 4586 1505 4664; x_wconf 79' lang='lat' dir='ltr'><strong>diversas</strong></span> <span class='ocrx_word' id='word_1_280' title='bbox 1521 4585 1656 4661; x_wconf 89' lang='lat' dir='ltr'><strong>abeunt</strong></span> <span class='ocrx_word' id='word_1_281' title='bbox 1679 4585 1894 4680; x_wconf 83' lang='lat' dir='ltr'><strong>sententias,</strong></span> 
     </span>
    </p>
   </div>
   <div class='ocr_carea' id='block_1_6' title="bbox 0 0 2126 5850">
    <p class='ocr_par' dir='ltr' id='par_1_8' title="bbox 0 0 2126 5850">
     <span class='ocr_line' id='line_1_33' title="bbox 0 0 2126 5850; baseline 0 1"><span class='ocrx_word' id='word_1_282' title='bbox 0 0 2126 5850; x_wconf 95' lang='lat' dir='ltr'><strong> </strong></span> 
     </span>
    </p>
   </div>
  </div>
 </body>
</html>
