4244 5850
848 666 849 671 Ν
908 551 923 650 (
949 553 1038 653 69)

272 715 511 819 Appellamus
524 708 699 814 papillas
720 730 784 792 aut
792 700 965 815 fissuras
984 719 1255 807 transversatur
1275 717 1463 792 tubercula
1487 719 1641 795 ovalaria
1660 733 1724 793 aut
1757 741 1898 798 Definitio.
1981 742 1983 747 ·

223 839 619 941 subquadrangularia,
652 828 923 930 transversalia,
954 837 1075 910 colore
1104 838 1322 939 plerumque
1350 838 1454 932 albo,
1482 839 1544 912 sed
1580 865 1722 940 semper
1767 913 1775 922 ,

170 1021 174 1026 -
224 962 414 1062 pallidiore
439 987 481 1034 ac
503 962 726 1061 reliquarum
749 963 909 1061 partium
934 962 1101 1059 corporis.
1500 1038 1503 1044 ,

276 1083 364 1156 Haec
386 1080 595 1174 tubercula,
628 1108 836 1181 quanquam
859 1108 925 1179 pro
946 1085 1030 1153 anni
1052 1081 1324 1181 tempestatibus
1346 1096 1581 1175 evanescant,
1608 1108 1722 1182 gene·
1756 1109 1905 1165 Numerus,

122 1257 126 1261 -
227 1197 351 1280 raliter
381 1217 544 1277 constant
566 1204 638 1277 duo
669 1207 708 1276 in
739 1205 941 1306 junioribus
971 1204 1190 1295 Lumbricis,
1221 1217 1258 1276 et
1286 1217 1440 1302 quatuor
1463 1205 1502 1275 in
1524 1203 1724 1277 Lumbricis

166 1410 167 1415 ,
226 1324 301 1428 jam
324 1324 456 1398 adultis
477 1339 541 1398 aut
561 1323 772 1397 senioribus.
1014 1325 1016 1329 ’
1544 1418 1548 1425 .

276 1447 361 1520 Duo
383 1446 502 1544 priora
526 1447 601 1518 sive
625 1444 686 1517 illa
709 1470 791 1544 quae
816 1442 1024 1516 immediate
1043 1457 1126 1543 post
1146 1458 1255 1542 caput
1277 1447 1448 1535 veniunt,
1472 1444 1516 1516 ad
1541 1443 1636 1516 16¹¹m
1662 1459 1727 1517 aut
1761 1463 1875 1520 Potitio.

229 1569 326 1646 17um
344 1564 521 1638 annulum
539 1578 625 1638 sunt
638 1566 763 1663 posita.
783 1565 877 1639 Sunt
891 1565 1035 1664 papillae
1056 1563 1224 1666 majores,
1244 1580 1281 1637 et
1292 1564 1434 1664 majoris
1451 1577 1536 1636 sunt
1551 1566 1726 1636 momenti

230 1710 340 1786 quam
361 1699 570 1784 sequentes,
594 1689 678 1785 quia
699 1686 824 1761 reverd
846 1711 1036 1784 nunquam
1063 1686 1142 1758 fere
1163 1687 1309 1758 omnino
1332 1699 1564 1759 evanescunt.
1597 1686 1651 1756 De
1671 1684 1728 1755 his

230 1807 397 1907 plerique
417 1820 580 1878 auctores
600 1806 753 1879 fuerunt
773 1805 905 1878 locuti:
924 1832 1008 1877 nem
1032 1808 1152 1878 caeteri
1179 1811 1324 1904 perrard
1346 1805 1539 1880 observatae
1561 1806 1727 1878 fuerunt.

280 1927 349 2000 Hae
371 1926 523 2025 papillae·
540 1926 644 1999 modo
661 1929 814 2000 unicum
832 1918 1029 2017 annulum,
1052 1928 1158 1998 modo
1176 1927 1281 2017 dnos,
1301 1926 1530 1999 modoetiam
1549 1924 1730 1998 annulum

128 2092 134 2105 ·
233 2059 270 2119 et
301 2045 495 2119 dimidium
520 2060 710 2144 ocerxpant.
740 2047 866 2135 Quum
890 2060 1068 2145 occupant
1088 2047 1280 2145 plusquam
1304 2073 1422 2119 unum
1444 2045 1639 2137 auriolum,
1668 2069 1730 2139 re-

230 2166 425 2265 periuntur
447 2165 506 2239 vel
527 2166 572 2238 ad
594 2180 732 2264 partem
754 2167 961 2238 inferiorem
984 2165 1079 2265 ejus,
1102 2168 1166 2264 qui
1190 2169 1282 2266 ipsas
1304 2166 1428 2258 fulcit,
1453 2166 1510 2240 rel
1531 2191 1642 2263 prope
1668 2165 1730 2236 in-

232 2287 483 2358 tersectionem
507 2285 665 2359 duorum
690 2286 987 2384 subsequentium
1015 2288 1247 2359 annulorum.
1275 2289 1402 2360 Positae
1425 2300 1510 2360 sunt
1535 2286 1732 2359 lateraliter

232 2409 402 2506 respectu
422 2406 549 2479 annuli
569 2407 631 2479 ubi
653 2408 903 2506 perforantur,
927 2407 1062 2480 scilicet
1082 2388 1156 2481 una
1174 2407 1220 2479 ad
1235 2407 1415 2497 dextram,
1434 2407 1544 2479 altera
1561 2406 1605 2478 ad
1625 2408 1731 2477 sinis-

233 2539 326 2600 tram
354 2539 494 2624 partem
519 2526 625 2599 lineae
652 2528 829 2600 medianae
852 2529 1041 2603 ventralis:
1073 2555 1158 2601 nam
1189 2526 1454 2602 observandum
1482 2540 1535 2599 est
1563 2528 1656 2625 ipsas
1686 2525 1735 2597 ad

234 2659 398 2727 ventrem
418 2644 611 2719 observari.
630 2648 762 2719 Positio
779 2648 922 2721 illarum
940 2648 1157 2747 papillarum
1175 2626 1311 2747 duplici
1333 2674 1417 2721 casu
1433 2648 1597 2747 insigniri
1615 2658 1734 2745 potest

235 2769 274 2837 1⁰
298 2764 367 2838 sibi
392 2766 550 2841 invicem
576 2781 726 2864 possunt
752 2793 827 2842 esse
854 2772 1049 2869 oppositae,
1081 2773 1122 2869 2⁰
1151 2784 1300 2869 possunt
1321 2770 1502 2843 alternari.
1527 2769 1734 2867 Utramque

235 2889 448 2987 positionem
471 2887 648 2960 delineari
667 2888 740 2986 fig.
762 2894 827 2981 17,
853 2895 919 2984 18,
948 2893 1055 2966 teet
1078 2894 1140 2963 20.
1169 2892 1248 2962 tob.
1274 2891 1329 2964 V
1326 2895 1334 2963 .’
1397 2959 1400 2966 .

238 3000 240 3004 ⁷
283 3008 403 3081 Priori
430 3033 514 3081 casu
547 3008 640 3106 (fig.
666 3013 712 3089 17
738 3023 777 3082 et
803 3011 874 3108 18)
907 3011 1113 3084 fulciuntur
1142 3010 1207 3085 160
1234 3010 1386 3102 annulo,
1415 3023 1456 3083 et
1479 3011 1552 3085 sive
1581 3008 1628 3082 ad
1656 3007 1735 3111 ejus

236 3141 376 3228 partem
405 3128 657 3201 intermediam
676 3131 752 3203 sive
774 3131 820 3203 ad
842 3146 981 3230 partem
1002 3133 1210 3213 inferiorem
1235 3143 1444 3203 occurrunt.

287 3247 515 3321 Generaliter
524 3252 684 3322 extensio
696 3277 820 3324 earum
832 3252 1048 3350 papillarum
1059 3251 1502 3324 obducitiutersectionem
1515 3249 1734 3323 annulorum

237 3367 298 3444 16ἰ
320 3382 358 3443 et
377 3369 455 3462 171,
476 3364 526 3442 ita
544 3384 588 3442 ut
601 3371 681 3443 haec
697 3373 793 3444 inter
811 3396 938 3445 eorum
955 3372 1048 3444 latus
1060 3374 1244 3461 internum
1263 3374 1308 3444 sit
1321 3373 1511 3470 conspicua
1529 3372 1599 3468 (ex
1610 3359 1634 3442 'b
1647 3372 1685 3442 in
1701 3368 1738 3441 br

226 3488 305 3589 fig.
329 3490 418 3586 18.)
445 3491 624 3563 Praeterea
648 3490 727 3564 haee
749 3496 908 3566 extensio
931 3496 1084 3567 inferius
1107 3495 1335 3594 progreditur
1356 3496 1396 3567 in
1420 3497 1516 3572 17um
1540 3491 1739 3576 annulum,

148 3698 153 3708 ᾔ
240 3610 406 3710 thamvis
424 3610 490 3683 hic·
503 3636 579 3682 non
600 3613 740 3704 fissurd,
764 3613 875 3686 instar
900 3614 1029 3687 annuli
1048 3616 1301 3714 praeredentis,
1327 3616 1545 3714 perforetur.

287 3733 482 3805 Posteriori
509 3758 593 3805 casu
614 3733 706 3830 (fig.
731 3735 780 3808 19
797 3749 835 3805 et
856 3736 929 3833 20)
958 3739 1056 3834 prior
1077 3738 1210 3838 papilla
1232 3761 1423 3810 occurrere
1441 3748 1559 3834 potest
1580 3737 1618 3806 in
1641 3734 1738 3808 151ΠΗ

240 3853 418 3926 annulum
446 3866 484 3926 et
507 3867 587 3927 tum
617 3854 839 3953 subsequen
867 3869 919 3928 est
948 3859 1126 3949 in16¹¹¹¹¹,
1154 3860 1229 3931 sive
1254 3859 1352 3955 prior
1381 3857 1674 3954 potest'reperiri
1699 3856 1737 3926 in

243 3973 339 4048 16ηιιι
364 3986 401 4046 et
425 3975 599 4071 posterior
624 3975 664 4044 in
687 3978 796 4052 llum.
842 3976 928 4048 Haec
953 3976 1133 4051 alternans
1157 3979 1283 4078 positio
1305 3977 1496 4074 saepissime
1519 3977 1676 4047 occurrit
1701 3989 1739 4047 et

239 4093 375 4168 mirum
401 4093 441 4165 in
466 4092 613 4166 modum
641 4097 808 4192 congruit
832 4121 918 4168 cum
943 4099 1118 4196 positione
1141 4098 1294 4171 aliorum
1320 4082 1666 4194 organorum,‘quae
1692 4091 1740 4166 ad

242 4211 484 4287 masculinum
505 4227 717 4310 apparatum
741 4217 922 4313 pertinere
945 4217 1128 4291 ridentur.
1181 4248 1190 4270 ⁴

281 4335 332 4407 dn
353 4337 452 4407 omni
476 4359 579 4424 casu,
603 4337 763 4408 extensio
788 4338 945 4410 inferior·
962 4338 1139 4440 cujusque
1161 4337 1303 4438 papillae
1325 4361 1467 4435 semper
1491 4338 1531 4407 in
1558 4335 1738 4408 annulum

242 4467 453 4553 sequentem
474 4455 720 4554 progreditur3
728 4455 806 4554 fig.
827 4461 1022 4558 20papilla
1038 4462 1096 4537 151
1113 4461 1238 4534 annuli
1253 4459 1482 4559 progreditur
1497 4459 1534 4528 in
1554 4456 1650 4530 16¹¹¹¹¹
1666 4456 1739 4529 sie-'

244 4599 314 4679 que
330 4577 479 4676 ponitur
499 4575 601 4679 juxta
621 4590 744 4651 ortum
758 4578 900 4679 papillae
921 4578 1258 4684 oppositaesive16i
1281 4577 1425 4672 annuli,
1450 4574 1554 4678 cuj'us
1576 4578 1742 4649 extensio
