4244 5850
1057 526 1170 632 (164
1196 537 1212 634 )

400 705 477 778 lum
497 703 592 775 infra
615 700 872 801 oesophagum‚
897 722 1097 777 vcnacava
1121 699 1290 774 dilatatur
1310 698 1376 797 (in
1390 699 1485 798 oc),
1510 718 1548 778 et
1571 730 1688 806 usque
1713 708 1893 786 adanam

400 825 500 898 hunc
524 821 675 922 gradum
698 820 914 894 dilatationis
936 822 1133 892 conservat.
1158 821 1286 913 Aorta,
1309 821 1350 893 ni
1369 820 1491 917 fallor,
1514 825 1678 901 eamdem
1693 830 1731 902 in
1750 832 1893 937 integri

399 945 462 1016 sud
485 940 725 1040 amplitudine
748 940 991 1013 dilatationem
1013 938 1134 1012 habet.

439 1055 582 1134 Inutile
604 1075 657 1133 est
683 1085 830 1132 monere
851 1084 915 1132 uos
936 1059 1186 1132 tantummodo
1203 1085 1271 1159 per
1294 1062 1492 1162 analogiam
1510 1081 1549 1140 et
1566 1073 1893 1168 comparationem,

398 1183 599 1257 ventriculi
620 1195 659 1254 et
680 1181 863 1252 auriculae
881 1180 1026 1255 nomina
1049 1181 1209 1257 tribuere
1230 1183 1301 1259 illis
1321 1185 1588 1263 dilatationibus
1602 1215 1778 1270 venarum
1794 1220 1895 1272 carte

398 1319 435 1378 ct
455 1319 577 1378 aortae.
1763 1372 1767 1377 .

344 1514 347 1519 .
445 1425 526 1497 Tali
552 1423 658 1495 modo
679 1449 741 1495 cor
766 1422 950 1495 Lumbrici
979 1426 1153 1498 terrestris
1179 1427 1418 1524 componitur.
1448 1427 1501 1501 Cl.
1528 1430 1592 1502 De
1618 1432 1830 1507 Bloinville
1850 1436 1892 1507 in

398 1535 574 1622 diversam
601 1538 745 1620 videtur
776 1543 874 1616 abire
897 1548 1124 1618 sententiam.
1159 1546 1240 1619 Non
1260 1545 1376 1619 cordis
1399 1547 1625 1624 functionem
1651 1550 1891 1628 tribuit-con-

398 1668 510 1766 geriei
531 1666 662 1739 harum
683 1665 982 1738 ramilicationum
1006 1668 1216 1740 crassiorum
1240 1691 1350 1766 quam
1372 1668 1515 1741 vascvala
1540 1695 1586 1742 ex
1610 1670 1889 1769 quibusortum

397 1798 650 1886 sumpserunt,
690 1785 753 1858 sed
779 1784 926 1884 quidem
957 1811 1095 1886 magnae
1131 1789 1271 1887 arteriae
1297 1787 1413 1879 dorsi,
1450 1801 1488 1861 et
1518 1789 1580 1862 tali
1607 1790 1736 1881 modo,
1757 1791 1820 1865 dc
1846 1793 1892 1866 ed

396 1894 578 2008 loquitur:
619 1933 671 1978 un
693 1930 796 1978 coeur
809 1905 903 2004 'fort
925 1908 1035 2006 long,
1058 1910 1151 2004 plus
1179 1911 1286 2008 lorge
1305 1923 1518 1997 enacarat,
1552 1910 1891 1986 s’amincisscntd

396 2054 542 2103 mesura
569 2025 671 2126 qu’il
695 2053 737 2100 se
754 2040 865 2123 porte
891 2053 938 2100 arr
958 2031 1122 2118 arridm
1146 2029 1209 2102 sed
1235 2042 1356 2100 tamen
1379 2031 1556 2102 consentit
1584 2030 1677 2103 illud
1703 2057 1771 2104 cort
1786 2056 1890 2132 pm

396 2148 521 2222 haberi
543 2162 717 2247 tanquam
739 2149 868 2221 arteria
890 2161 987 2221 aorta
1008 2173 1053 2221 ex
1078 2149 1151 2248 qula
1173 2149 1303 2224 deinde
1327 2151 1496 2224 oriuntur
1522 2150 1713 2226 divisiones
1738 2157 1890 2253 quaein

397 2271 552 2346 diversas
575 2270 732 2368 corporis
753 2281 872 2367 partes
887 2283 1057 2368 pergunt.
1079 2271 1122 2342 In
1146 2294 1304 2344 errorem
1325 2270 1475 2343 fortasse
1495 2270 1626 2344 ductus
1641 2273 1716 2345 fuit
1728 2272 1891 2348 celeber·-

395 2384 510 2465 rimus
530 2389 592 2462 ille
614 2389 835 2462 anatomicos
856 2401 958 2464 motu
979 2389 1202 2462 undabundo
1217 2391 1281 2487 qui
1302 2390 1342 2461 in
1366 2388 1427 2461 illa
1451 2389 1548 2462 sorti
1564 2391 1836 2485 manifestatur,
1851 2407 1891 2469 et

397 2512 461 2610 qui
482 2535 556 2582 non
573 2509 707 2608 pendet
723 2536 742 2580 a
763 2510 799 2584 vi
816 2511 1010 2583 masculari
1026 2509 1104 2610 ejus
1123 2512 1347 2595 tunicarum,
1370 2508 1675 2608 quemadmodum
1692 2511 1747 2583 Cl.
1765 2512 1891 2586 Cama

398 2629 657 2703 observaverat.
696 2630 804 2702 Aorta
833 2631 931 2702 enim
962 2633 1002 2702 fit
1028 2633 1206 2729 particeps
1232 2633 1350 2702 motus
1378 2628 1553 2728 generalis
1578 2631 1642 2729 qui
1674 2633 1713 2704 in
1741 2657 1893 2733 corpore

396 2738 581 2825 Lumbrici
601 2750 721 2822 locum
743 2748 853 2822 habet
869 2753 924 2822 uti
942 2752 1012 2852 jam
1032 2751 1199 2827 vidimus.
1222 2751 1288 2824 llle
1311 2762 1430 2824 motus
1445 2776 1465 2822 a
1483 2749 1696 2849 quibusdam
1716 2765 1891 2850 tanquam

397 2870 518 2972 systoli
544 2885 582 2943 et
609 2869 747 2943 diastoli
775 2870 918 2944 habitus
947 2872 1031 2944 fuit.
1069 2872 1108 2944 Si
1139 2897 1197 2944 res
1223 2873 1271 2943 ita
1301 2894 1377 2943 sese
1405 2869 1578 2962 haberet,
1607 2896 1668 2943 cor
1704 2872 1892 2946 Lumbrici

398 2994 532 3066 mirum
565 2994 604 3064 in
628 2991 777 3064 modum
809 2992 856 3064 ad
886 2989 1072 3067 vasculum
1102 2990 1239 3064 dorsale
1264 2992 1484 3063 insectorum
1505 2989 1713 3082 accederet,
1740 2991 1807 3064 etsi
1832 2991 1889 3066 Gt.

398 3114 551 3187 Mmcel
573 3113 619 3185 de
634 3113 758 3186 Sarrae
763 3163 777 3199 ,
801 3115 842 3186 in
865 3112 929 3186 sud
952 3112 1197 3187 dissertatione
1215 3111 1265 3185 de
1283 3111 1352 3186 hoc
1373 3135 1527 3210 organo,
1552 3110 1774 3184 differentias
1793 3113 1896 3188 inter

399 3259 442 3309 ca
465 3233 727 3308 intercedentes
747 3233 984 3310 annotaverit.

846 3472 934 3546 IV.
976 3473 1042 3546 De
1069 3484 1171 3544 motu
1195 3472 1448 3544 cicuhztorio.

202 3716 384 3772 mmmm
450 3681 603 3780 Sanguis
618 3682 657 3753 in
673 3704 803 3756 venam
816 3705 938 3757 cavam
955 3681 1165 3780 propulsus,
1177 3679 1298 3754 denuo
1312 3705 1432 3755 versus
1443 3705 1504 3753 cor
1515 3677 1691 3768 ascendit,
1703 3690 1894 3778 postquam

188 3784 382 3839 ⁶⁵¹⁰¹¹¹⁸⁶⁰¹¹³l
401 3804 441 3875 in
461 3801 631 3875 folliculis
651 3801 987 3899 pulmonariisac'ire
1003 3803 1076 3875 fuit
1090 3802 1335 3892 modificatus3
1352 3825 1470 3899 quum
1490 3799 1656 3897 pervenit
1675 3795 1721 3870 ad
1736 3799 1895 3896 primam

401 3923 530 3996 seriem
543 3921 827 3996 ventriculorum
843 3936 880 3996 et
896 3922 1161 4014 auricularum,
1173 3920 1341 4022 dejicitur
1355 3922 1394 3992 in
1407 3917 1648 3992 ventriculum
1664 3917 1897 4011 inferiorem,

403 4069 444 4129 e,
469 4043 534 4141 qui
551 4055 631 4115 tum
651 4041 834 4116 dilatatur.
855 4043 943 4117 Pars
958 4042 1070 4143 hujus
1085 4043 1269 4141 sanguinis
1285 4039 1422 4137 directe
1443 4038 1568 4111 transit
1588 4039 1627 4109 in
1648 4033 1896 4115 ventriculum

403 4164 624 4262 superiorem
646 4175 685 4234 et
709 4161 815 4253 inde,
840 4163 917 4234 sine
939 4161 1066 4255 dubio,
1094 4159 1253 4235 ascendit
1274 4184 1399 4233 versus
1418 4156 1659 4232 ventriculum
1684 4153 1897 4233 inferiorem

403 4284 507 4357 seriei
526 4281 733 4354 immediate
752 4306 860 4378 surpra
880 4282 1023 4380 positae,
1046 4292 1083 4353 et
1101 4282 1152 4353 sic
1175 4279 1360 4379 deinceps,
1382 4271 1498 4378 usque
1520 4276 1565 4349 ad
1581 4277 1707 4350 seriem
1729 4278 1897 4375 superio-
1994 4334 1998 4341 .

403 4429 493 4477 rem.
517 4402 646 4477 Altera
660 4427 746 4475 vero
765 4426 846 4500 pars
868 4401 1070 4500 sanguinis,
1100 4399 1300 4476 ventriculo
1317 4397 1489 4471 'inferiori
1512 4395 1787 4499 comprehensa,
1803 4420 1899 4495 pro-

404 4521 552 4622 pellitur
573 4522 817 4596 contractione
838 4520 950 4622 hujus
971 4521 1112 4620 organi,
1132 4520 1171 4595 in
1192 4519 1294 4594 filum
1317 4515 1482 4620 adjacens
1500 4511 1608 4614 (es),
1631 4527 1668 4588 et
1688 4515 1722 4589 vi
1743 4510 1900 4619 adcon-

407 4645 615 4716 tractionem
629 4641 896 4742 proportionali.
913 4643 968 4715 Ex
984 4641 1054 4717 hoc
1063 4641 1142 4737 filo,
1155 4639 1323 4742 dejicitur
1333 4640 1372 4714 in
1384 4639 1539 4739 primam
1556 4637 1896 4729 extumescentiam,
