4244 5850
884 498 999 604 (111
1027 502 1047 604 )

101 648 104 653 ⁵
220 694 353 774 corpus
374 669 588 773 elongatum
615 667 678 744 bio
701 669 820 746 motus
842 667 999 745 efficitur
1019 697 1040 744 a
1064 668 1254 771 posteriori
1275 669 1322 747 ad
1345 672 1562 749 anteriorem
1587 687 1729 776 partem

216 794 258 869 in
277 795 526 897 progressione
551 805 590 869 et
610 792 690 870 vice
715 792 818 873 versi
842 793 883 866 in
908 795 1142 894 regressione.

574 989 612 1062 b.
662 990 798 1064 Motus
831 992 1065 1063 curvationis
1080 974 1282 1066 deorsum.

270 1155 449 1258 Suppono
479 1153 718 1230 Lumbricnrn
744 1153 924 1258 jacentem
947 1157 987 1228 in
1009 1169 1175 1233 ventrem
1196 1171 1234 1233 et
1254 1160 1293 1233 in
1316 1159 1468 1260 planum
1489 1160 1730 1259 horizontem,

221 1280 273 1354 ita
297 1292 342 1355 ut
370 1279 587 1353 anteriorem
615 1279 774 1379 corporis
799 1292 940 1379 partem
967 1277 1125 1353 omnine
1138 1279 1290 1355 liberam
1318 1280 1460 1354 habeat.
1498 1282 1627 1374 Quum
1653 1309 1731 1361 sese

222 1401 391 1478 deorsum
414 1427 480 1476 seu
500 1401 598 1475 infra
617 1426 771 1478 curvare
788 1399 894 1493 velit,
916 1398 1014 1473 fibrae
1037 1403 1287 1477 musculorum
1306 1415 1487 1478 rectorum
1507 1406 1732 1483 neutralium

223 1525 511 1618 contrahuntur,
538 1537 575 1599 et
596 1524 862 1626 longitudinem
888 1525 1046 1623 corporis
1066 1525 1107 1598 in
1133 1523 1202 1598 htc
1222 1537 1327 1624 parte
1352 1529 1540 1600 minuunt.
1571 1526 1733 1603 Musculi

223 1630 378 1743 dorsales
400 1645 537 1720 cedunt
561 1659 599 1720 et
624 1660 830 1749 sequuntur
852 1646 1089 1723 directionem
1117 1650 1361 1723 contractione
1379 1647 1552 1724 fibrarum
1580 1663 1730 1728 ventra-

221 1767 315 1865 lium
341 1767 630 1844 determinatam.

580 1990 613 2040 c.
664 1965 800 2040 Motus
834 1967 1067 2039 curvationis
1099 1991 1264 2039 sursum.

273 2127 344 2203 Hic
367 2142 487 2204 motus
515 2129 621 2203 modo
642 2131 785 2206 inverso
803 2130 977 2224 efficitur3
1002 2129 1156 2207 dorsales
1173 2131 1347 2227 musculi,
1364 2156 1440 2206 sese
1461 2131 1728 2231 contrahendo,

223 2251 372 2334 elevant
398 2267 542 2355 partem
564 2256 721 2356 corporis
742 2256 973 2361 anteriorem.
1396 2260 1399 2265 ’
1432 2255 1438 2270 “

579 2449 616 2523 d.
668 2451 803 2526 Motus
831 2453 1064 2525 curvationis
1096 2451 1372 2545 sinistrorsum.
1473 2452 1479 2467 '

273 2614 432 2689 Mmculi
451 2615 733 2717 longitudinales
756 2615 927 2694 ventralis
947 2629 984 2690 et
1006 2614 1154 2690 dorsalis
1177 2615 1298 2700 lateris
1319 2612 1441 2689 dextri
1464 2615 1732 2692 contrahuntur

224 2751 264 2813 et
284 2737 381 2817 hunc
401 2753 543 2838 partem
569 2740 726 2839 corporis
748 2739 949 2817 breviorem
982 2740 1144 2816 reddunt
1153 2764 1168 2812 :r
1193 2764 1276 2839 pars
1302 2739 1464 2844 opposita
1491 2738 1662 2816 dilatatur
1692 2753 1733 2815 et

224 2886 355 2970 corpus
377 2860 575 2962 replicatur
596 2863 637 2934 in
656 2887 765 2936 sensu
788 2863 1055 2937 contractionis.

559 3086 619 3132 c.
671 3060 807 3133 Motus
847 3061 1080 3133 curvationis
1110 3059 1357 3132 dextrorsum.

274 3223 377 3298 Idem
400 3226 641 3298 mecanismus
658 3225 779 3300 locum
801 3223 911 3297 habet
932 3225 1052 3325 quoad
1075 3224 1257 3300 musculos
1275 3223 1476 3301 ventralem
1498 3235 1537 3297 et
1554 3221 1730 3297 dorsalem

224 3342 346 3419 lateris
368 3344 501 3419 sinistri
523 3357 562 3418 et
582 3371 713 3444 corpus
731 3346 772 3418 in
793 3346 863 3418 hoc
887 3370 996 3419 sensu
1018 3345 1234 3447 replicatur.

592 3556 646 3648 4⁰.
693 3555 830 3629 Motus
862 3557 1118 3628 musculorum
1147 3557 1358 3653 spinarum.

276 3719 540 3794 Contractilitas
563 3721 696 3795 horum
718 3721 966 3796 musculorum
984 3723 1025 3793 in
1048 3746 1092 3794 eo
1110 3735 1273 3797 versatur
1297 3734 1340 3794 ut
1361 3720 1519 3821 expellat
1544 3734 1608 3795 aut
1631 3721 1732 3796 intus
1750 3739 1959 3796 ttorusmuscu-

225 3842 377 3920 reducat
396 3844 516 3944 spinas
537 3845 614 3921 sive
634 3870 767 3944 organa
789 3842 993 3943 specialiter
1013 3841 1249 3915 looomotioni
1266 3843 1513 3919 inservientia.
1766 3810 1959 3932 mnume-

465 4055 503 4102 a.
555 4030 691 4104 Motus
719 4031 974 4102 musculorum
1000 4042 1278 4126 protractatum
1304 4043 1482 4103 setarum.

276 4197 414 4271 Eorum
436 4195 535 4272 fibro
556 4197 836 4297 longitudinales
855 4195 1122 4271 contrahuntur
1143 4208 1181 4270 et
1202 4221 1319 4295 quum
1339 4218 1464 4267 omnes
1489 4191 1654 4266 desinant
1683 4192 1734 4266 od

226 4320 368 4420 apicem
391 4322 473 4394 coni
501 4322 640 4395 carnosi
667 4335 705 4394 et
730 4320 775 4394 ad
802 4319 914 4394 basim
942 4321 1148 4420 spinarum,
1178 4331 1293 4418 agunt
1314 4318 1363 4390 ita
1388 4328 1432 4390 nt
1455 4314 1519 4389 has
1546 4312 1730 4413 expellant

226 4443 302 4519 sive
329 4441 497 4518 verticuli
516 4443 597 4517 sive·
619 4441 793 4545 inclinato
822 4441 952 4535 modo;
982 4439 1168 4514 inclinatio
1195 4437 1317 4512 locum
1349 4434 1459 4510 habet
1482 4434 1727 4508 contractione

226 4560 354 4665 majori
376 4576 441 4637 aut
461 4564 593 4637 minori
613 4564 654 4636 in
670 4564 745 4639 uni
766 4562 965 4636 directione
986 4587 1097 4664 quam
1120 4561 1161 4635 in
1184 4559 1308 4634 altera.
1337 4556 1451 4658 (Vide
1468 4554 1544 4630 Cel.
1567 4553 1723 4643 Crevier,

226 4685 360 4758 Anat.
381 4665 524 4783 compi,
551 4697 640 4760 torn.
666 4686 705 4760 Ι.
720 4711 766 4784 p.
790 4684 905 4786 464.)
