<?xml version="1.0" encoding="UTF-8"?>
<!DOCTYPE html PUBLIC "-//W3C//DTD XHTML 1.0 Transitional//EN"
    "http://www.w3.org/TR/xhtml1/DTD/xhtml1-transitional.dtd">
<html xmlns="http://www.w3.org/1999/xhtml" xml:lang="en" lang="en">
 <head>
  <title>
</title>
<meta http-equiv="Content-Type" content="text/html;charset=utf-8" />
  <meta name='ocr-system' content='tesseract 3.04.00' />
  <meta name='ocr-capabilities' content='ocr_page ocr_carea ocr_par ocr_line ocrx_word'/>
</head>
<body>
  <div class='ocr_page' id='page_1' title='image "./delumbriciterre00morrgoog_0150.png"; bbox 0 0 4244 5850; ppageno 0'>
   <div class='ocr_carea' id='block_1_1' title="bbox 1064 512 1218 616">
    <p class='ocr_par' dir='ltr' id='par_1_1' title="bbox 1064 512 1218 616">
     <span class='ocr_line' id='line_1_1' title="bbox 1064 512 1218 616; baseline 0 0"><span class='ocrx_word' id='word_1_1' title='bbox 1064 512 1218 616; x_wconf 70' lang='lat'><strong>(¹2⁶)</strong></span> 
     </span>
    </p>
   </div>
   <div class='ocr_carea' id='block_1_2' title="bbox 685 787 1603 1063">
    <p class='ocr_par' dir='ltr' id='par_1_2' title="bbox 685 787 1603 1063">
     <span class='ocr_line' id='line_1_2' title="bbox 945 787 1351 869; baseline 0.007 -6"><span class='ocrx_word' id='word_1_2' title='bbox 945 788 1114 866; x_wconf 70' lang='lat' dir='ltr'><strong>sectio</strong></span> <span class='ocrx_word' id='word_1_3' title='bbox 1162 787 1351 869; x_wconf 70' lang='lat' dir='ltr'><strong>mam.</strong></span> 
     </span>
     <span class='ocr_line' id='line_1_3' title="bbox 685 982 1603 1063; baseline -0.002 0"><span class='ocrx_word' id='word_1_4' title='bbox 685 984 1107 1063; x_wconf 79' lang='lat' dir='ltr'><em>APPARATUS</em></span> <span class='ocrx_word' id='word_1_5' title='bbox 1152 986 1204 1060; x_wconf 87' lang='lat' dir='ltr'><em>N</em></span> <span class='ocrx_word' id='word_1_6' title='bbox 1205 986 1248 1059; x_wconf 85' lang='lat' dir='ltr'><em>U</em></span> <span class='ocrx_word' id='word_1_7' title='bbox 1253 982 1364 1061; x_wconf 77' lang='grc' dir='ltr'><strong>ΤΗΙ</strong></span> <span class='ocrx_word' id='word_1_8' title='bbox 1370 982 1432 1062; x_wconf 85' lang='lat' dir='ltr'><strong>TI</strong></span> <span class='ocrx_word' id='word_1_9' title='bbox 1445 983 1603 1062; x_wconf 75' lang='lat' dir='ltr'><strong>oms,</strong></span> 
     </span>
    </p>
   </div>
   <div class='ocr_carea' id='block_1_3' title="bbox 934 1372 1349 1450">
    <p class='ocr_par' dir='ltr' id='par_1_3' title="bbox 934 1372 1349 1450">
     <span class='ocr_line' id='line_1_4' title="bbox 934 1372 1349 1450; baseline 0 0"><span class='ocrx_word' id='word_1_10' title='bbox 934 1373 1095 1450; x_wconf 80' lang='lat' dir='ltr'>CAPUT</span> <span class='ocrx_word' id='word_1_11' title='bbox 1144 1372 1349 1450; x_wconf 87' lang='lat' dir='ltr'><strong>PRIMUM.</strong></span> 
     </span>
    </p>
   </div>
   <div class='ocr_carea' id='block_1_4' title="bbox 839 1564 1444 1617">
    <p class='ocr_par' dir='ltr' id='par_1_4' title="bbox 839 1564 1444 1617">
     <span class='ocr_line' id='line_1_5' title="bbox 839 1564 1444 1617; baseline -0.005 0"><span class='ocrx_word' id='word_1_12' title='bbox 839 1567 889 1616; x_wconf 79' lang='lat' dir='ltr'><strong>DE</strong></span> <span class='ocrx_word' id='word_1_13' title='bbox 925 1564 1111 1617; x_wconf 76' lang='lat' dir='ltr'><strong>ottctttts</strong></span> <span class='ocrx_word' id='word_1_14' title='bbox 1151 1564 1444 1615; x_wconf 73' lang='lat' dir='ltr'><strong>nurntrtotrls.</strong></span> 
     </span>
    </p>
   </div>
   <div class='ocr_carea' id='block_1_5' title="bbox 389 1735 1897 2245">
    <p class='ocr_par' dir='ltr' id='par_1_5' title="bbox 389 1735 1897 2065">
     <span class='ocr_line' id='line_1_6' title="bbox 440 1735 1897 1844; baseline -0.002 -26"><span class='ocrx_word' id='word_1_15' title='bbox 440 1745 646 1844; x_wconf 76' lang='lat' dir='ltr'><strong>Antequam</strong></span> <span class='ocrx_word' id='word_1_16' title='bbox 673 1763 896 1841; x_wconf 78' lang='lat' dir='ltr'><strong>exponamus</strong></span> <span class='ocrx_word' id='word_1_17' title='bbox 918 1738 1179 1812; x_wconf 89' lang='lat' dir='ltr'><strong>mecanismum</strong></span> <span class='ocrx_word' id='word_1_18' title='bbox 1195 1737 1422 1831; x_wconf 83' lang='lat' dir='ltr'><strong>nutritionis,</strong></span> <span class='ocrx_word' id='word_1_19' title='bbox 1446 1749 1484 1810; x_wconf 91' lang='lat' dir='ltr'><strong>et</strong></span> <span class='ocrx_word' id='word_1_20' title='bbox 1504 1735 1684 1811; x_wconf 81' lang='lat' dir='ltr'><strong>actionem</strong></span> <span class='ocrx_word' id='word_1_21' title='bbox 1705 1759 1800 1838; x_wconf 86' lang='lat' dir='ltr'><strong>soepe</strong></span> <span class='ocrx_word' id='word_1_22' title='bbox 1814 1762 1897 1815; x_wconf 87' lang='lat' dir='ltr'><strong>sus·</strong></span> 
     </span>
     <span class='ocr_line' id='line_1_7' title="bbox 389 1858 1896 1970; baseline -0.001 -35"><span class='ocrx_word' id='word_1_23' title='bbox 389 1867 550 1970; x_wconf 74' lang='lat' dir='ltr'><strong>,picatam</strong></span> <span class='ocrx_word' id='word_1_24' title='bbox 562 1865 722 1968; x_wconf 86' lang='lat' dir='ltr'><strong>partium</strong></span> <span class='ocrx_word' id='word_1_25' title='bbox 733 1887 814 1965; x_wconf 90' lang='lat' dir='ltr'><strong>quae</strong></span> <span class='ocrx_word' id='word_1_26' title='bbox 825 1863 939 1963; x_wconf 90' lang='lat' dir='ltr'><strong>ipsam</strong></span> <span class='ocrx_word' id='word_1_27' title='bbox 950 1859 1131 1962; x_wconf 85' lang='lat' dir='ltr'><strong>dirigunt,</strong></span> <span class='ocrx_word' id='word_1_28' title='bbox 1145 1859 1357 1959; x_wconf 82' lang='lat' dir='ltr'><strong>explicanda</strong></span> <span class='ocrx_word' id='word_1_29' title='bbox 1375 1872 1460 1934; x_wconf 89' lang='lat' dir='ltr'><strong>sunt</strong></span> <span class='ocrx_word' id='word_1_30' title='bbox 1473 1883 1604 1958; x_wconf 89' lang='lat' dir='ltr'><strong>organa</strong></span> <span class='ocrx_word' id='word_1_31' title='bbox 1614 1858 1703 1933; x_wconf 90' lang='lat' dir='ltr'><strong>huic</strong></span> <span class='ocrx_word' id='word_1_32' title='bbox 1714 1858 1896 1941; x_wconf 81' lang='lat' dir='ltr'><strong>functioni</strong></span> 
     </span>
     <span class='ocr_line' id='line_1_8' title="bbox 395 1987 638 2065; baseline -0.021 -1"><span class='ocrx_word' id='word_1_33' title='bbox 395 1987 638 2065; x_wconf 77' lang='lat' dir='ltr'><strong>inservientia.</strong></span> 
     </span>
    </p>

    <p class='ocr_par' dir='ltr' id='par_1_6' title="bbox 941 2146 1344 2245">
     <span class='ocr_line' id='line_1_9' title="bbox 941 2146 1344 2245; baseline -0.002 -26"><span class='ocrx_word' id='word_1_34' title='bbox 941 2147 970 2218; x_wconf 92' lang='grc' dir='ltr'><strong>Ι.</strong></span> <span class='ocrx_word' id='word_1_35' title='bbox 1017 2147 1083 2219; x_wconf 88' lang='lat' dir='ltr'><strong>De</strong></span> <span class='ocrx_word' id='word_1_36' title='bbox 1122 2146 1344 2245; x_wconf 58' lang='lat' dir='ltr'><strong>Phamnge.</strong></span> 
     </span>
    </p>
   </div>
   <div class='ocr_carea' id='block_1_6' title="bbox 216 2310 1899 2907">
    <p class='ocr_par' dir='ltr' id='par_1_7' title="bbox 216 2310 1899 2907">
     <span class='ocr_line' id='line_1_10' title="bbox 216 2310 1896 2422; baseline -0.007 -23"><span class='ocrx_word' id='word_1_37' title='bbox 216 2348 240 2399; x_wconf 77' lang='lat' dir='ltr'><strong>t·</strong></span> <span class='ocrx_word' id='word_1_38' title='bbox 271 2347 326 2399; x_wconf 74' lang='lat' dir='ltr'><strong>rica</strong></span> <span class='ocrx_word' id='word_1_39' title='bbox 354 2345 397 2401; x_wconf 76' lang='lat' dir='ltr'><strong>ta.</strong></span> <span class='ocrx_word' id='word_1_40' title='bbox 445 2320 532 2396; x_wconf 85' lang='lat' dir='ltr'><strong>Hoec</strong></span> <span class='ocrx_word' id='word_1_41' title='bbox 547 2345 629 2422; x_wconf 89' lang='lat' dir='ltr'><strong>pars</strong></span> <span class='ocrx_word' id='word_1_42' title='bbox 649 2317 810 2394; x_wconf 88' lang='lat' dir='ltr'><strong>amultis</strong></span> <span class='ocrx_word' id='word_1_43' title='bbox 830 2313 1036 2391; x_wconf 89' lang='lat' dir='ltr'><strong>auctoribus</strong></span> <span class='ocrx_word' id='word_1_44' title='bbox 1057 2313 1152 2385; x_wconf 91' lang='lat' dir='ltr'><strong>male</strong></span> <span class='ocrx_word' id='word_1_45' title='bbox 1173 2310 1357 2388; x_wconf 85' lang='lat' dir='ltr'><strong>observata</strong></span> <span class='ocrx_word' id='word_1_46' title='bbox 1383 2324 1421 2387; x_wconf 91' lang='lat' dir='ltr'><strong>et</strong></span> <span class='ocrx_word' id='word_1_47' title='bbox 1436 2312 1586 2414; x_wconf 91' lang='lat' dir='ltr'><strong>quidem</strong></span> <span class='ocrx_word' id='word_1_48' title='bbox 1602 2326 1753 2412; x_wconf 86' lang='lat' dir='ltr'><strong>negata,</strong></span> <span class='ocrx_word' id='word_1_49' title='bbox 1773 2327 1896 2388; x_wconf 87' lang='lat' dir='ltr'><strong>tamen</strong></span> 
     </span>
     <span class='ocr_line' id='line_1_11' title="bbox 394 2434 1899 2537; baseline -0.005 -20"><span class='ocrx_word' id='word_1_50' title='bbox 394 2445 551 2517; x_wconf 83' lang='lat' dir='ltr'><strong>maxime</strong></span> <span class='ocrx_word' id='word_1_51' title='bbox 576 2455 631 2515; x_wconf 89' lang='lat' dir='ltr'><strong>est</strong></span> <span class='ocrx_word' id='word_1_52' title='bbox 657 2437 817 2516; x_wconf 84' lang='lat' dir='ltr'><strong>visibilis.</strong></span> <span class='ocrx_word' id='word_1_53' title='bbox 863 2434 940 2510; x_wconf 85' lang='lat' dir='ltr'><strong>Cel.</strong></span> <span class='ocrx_word' id='word_1_54' title='bbox 969 2436 1137 2520; x_wconf 85' lang='lat' dir='ltr'><strong>Willis,</strong></span> <span class='ocrx_word' id='word_1_55' title='bbox 1179 2435 1321 2520; x_wconf 83' lang='lat' dir='ltr'><strong>Carus,</strong></span> <span class='ocrx_word' id='word_1_56' title='bbox 1351 2436 1497 2522; x_wconf 86' lang='lat' dir='ltr'><strong>Home,</strong></span> <span class='ocrx_word' id='word_1_57' title='bbox 1533 2436 1661 2522; x_wconf 79' lang='lat' dir='ltr'><strong>Roth,</strong></span> <span class='ocrx_word' id='word_1_58' title='bbox 1695 2435 1899 2537; x_wconf 76' lang='lat' dir='ltr'><strong>Montdgre</strong></span> 
     </span>
     <span class='ocr_line' id='line_1_12' title="bbox 393 2555 1899 2663; baseline -0.004 -26"><span class='ocrx_word' id='word_1_59' title='bbox 393 2567 507 2663; x_wconf 82' lang='lat' dir='ltr'><strong>ipsam</strong></span> <span class='ocrx_word' id='word_1_60' title='bbox 529 2561 763 2651; x_wconf 81' lang='lat' dir='ltr'><strong>delineatam,</strong></span> <span class='ocrx_word' id='word_1_61' title='bbox 775 2558 857 2631; x_wconf 87' lang='lat' dir='ltr'><strong>satis</strong></span> <span class='ocrx_word' id='word_1_62' title='bbox 870 2570 1038 2630; x_wconf 87' lang='lat' dir='ltr'><strong>accurate</strong></span> <span class='ocrx_word' id='word_1_63' title='bbox 1051 2556 1328 2654; x_wconf 87' lang='lat' dir='ltr'><strong>descripserunt.</strong></span> <span class='ocrx_word' id='word_1_64' title='bbox 1348 2555 1424 2629; x_wconf 87' lang='lat' dir='ltr'><strong>Cel.</strong></span> <span class='ocrx_word' id='word_1_65' title='bbox 1448 2559 1575 2629; x_wconf 85' lang='lat' dir='ltr'><strong>Home</strong></span> <span class='ocrx_word' id='word_1_66' title='bbox 1590 2558 1629 2630; x_wconf 88' lang='lat' dir='ltr'><strong>in</strong></span> <span class='ocrx_word' id='word_1_67' title='bbox 1645 2557 1710 2631; x_wconf 77' lang='lat' dir='ltr'><strong>sui</strong></span> <span class='ocrx_word' id='word_1_68' title='bbox 1728 2557 1899 2631; x_wconf 69' lang='lat' dir='ltr'><strong>dissem-</strong></span> 
     </span>
     <span class='ocr_line' id='line_1_13' title="bbox 395 2674 1894 2782; baseline -0.004 -24"><span class='ocrx_word' id='word_1_69' title='bbox 395 2685 494 2758; x_wconf 90' lang='lat' dir='ltr'><strong>tione</strong></span> <span class='ocrx_word' id='word_1_70' title='bbox 510 2682 556 2756; x_wconf 90' lang='lat' dir='ltr'><strong>de</strong></span> <span class='ocrx_word' id='word_1_71' title='bbox 572 2681 714 2782; x_wconf 82' lang='lat' dir='ltr'><strong>organis</strong></span> <span class='ocrx_word' id='word_1_72' title='bbox 725 2677 965 2778; x_wconf 81' lang='lat' dir='ltr'><strong>generationis</strong></span> <span class='ocrx_word' id='word_1_73' title='bbox 979 2674 1165 2750; x_wconf 91' lang='lat' dir='ltr'><strong>Lumbrici</strong></span> <span class='ocrx_word' id='word_1_74' title='bbox 1178 2678 1372 2769; x_wconf 87' lang='lat' dir='ltr'><strong>terrestris,</strong></span> <span class='ocrx_word' id='word_1_75' title='bbox 1383 2677 1529 2774; x_wconf 90' lang='lat' dir='ltr'><strong>(Trans.</strong></span> <span class='ocrx_word' id='word_1_76' title='bbox 1541 2679 1631 2781; x_wconf 90' lang='lat' dir='ltr'><strong>phil.</strong></span> <span class='ocrx_word' id='word_1_77' title='bbox 1646 2678 1742 2754; x_wconf 80' lang='lat'><strong>1823</strong></span> <span class='ocrx_word' id='word_1_78' title='bbox 1752 2733 1762 2773; x_wconf 89' lang='lat'><strong>,</strong></span> <span class='ocrx_word' id='word_1_79' title='bbox 1772 2704 1855 2780; x_wconf 86' lang='lat' dir='ltr'><strong>pars</strong></span> <span class='ocrx_word' id='word_1_80' title='bbox 1865 2679 1894 2752; x_wconf 90' lang='lat'><strong>1.</strong></span> 
     </span>
     <span class='ocr_line' id='line_1_14' title="bbox 394 2788 1898 2907; baseline -0.003 -27"><span class='ocrx_word' id='word_1_81' title='bbox 394 2833 433 2907; x_wconf 94' lang='lat' dir='ltr'><strong>p.</strong></span> <span class='ocrx_word' id='word_1_82' title='bbox 454 2804 552 2902; x_wconf 78' lang='lat'>823)</span> <span class='ocrx_word' id='word_1_83' title='bbox 573 2805 688 2903; x_wconf 89' lang='lat' dir='ltr'><strong>ipsam</strong></span> <span class='ocrx_word' id='word_1_84' title='bbox 705 2788 903 2899; x_wconf 73' lang='lat' dir='ltr'><strong>presertim</strong></span> <span class='ocrx_word' id='word_1_85' title='bbox 925 2799 1060 2900; x_wconf 92' lang='lat' dir='ltr'><strong>optime</strong></span> <span class='ocrx_word' id='word_1_86' title='bbox 1083 2795 1256 2870; x_wconf 86' lang='lat' dir='ltr'><strong>delineari</strong></span> <span class='ocrx_word' id='word_1_87' title='bbox 1286 2798 1427 2875; x_wconf 85' lang='lat' dir='ltr'><strong>curavit</strong></span> <span class='ocrx_word' id='word_1_88' title='bbox 1449 2799 1488 2872; x_wconf 90' lang='lat' dir='ltr'><strong>in</strong></span> <span class='ocrx_word' id='word_1_89' title='bbox 1514 2800 1639 2899; x_wconf 88' lang='lat' dir='ltr'><strong>liguris</strong></span> <span class='ocrx_word' id='word_1_90' title='bbox 1665 2799 1737 2874; x_wconf 91' lang='lat' dir='ltr'><strong>suis</strong></span> <span class='ocrx_word' id='word_1_91' title='bbox 1759 2798 1898 2875; x_wconf 84' lang='lat' dir='ltr'><strong>Anato-</strong></span> 
     </span>
    </p>
   </div>
   <div class='ocr_carea' id='block_1_7' title="bbox 395 2917 1896 3021">
    <p class='ocr_par' dir='ltr' id='par_1_8' title="bbox 395 2917 1896 3021">
     <span class='ocr_line' id='line_1_15' title="bbox 395 2917 1896 3021; baseline -0.002 -21"><span class='ocrx_word' id='word_1_92' title='bbox 395 2925 510 3000; x_wconf 90' lang='lat' dir='ltr'><strong>micis.</strong></span> <span class='ocrx_word' id='word_1_93' title='bbox 530 2921 689 3016; x_wconf 87' lang='lat' dir='ltr'><strong>Quidam</strong></span> <span class='ocrx_word' id='word_1_94' title='bbox 712 2933 875 2997; x_wconf 85' lang='lat' dir='ltr'><strong>auctores</strong></span> <span class='ocrx_word' id='word_1_95' title='bbox 895 2918 1009 3021; x_wconf 91' lang='lat' dir='ltr'><strong>ipsam</strong></span> <span class='ocrx_word' id='word_1_96' title='bbox 1023 2917 1233 2994; x_wconf 89' lang='lat' dir='ltr'><strong>habuerunt</strong></span> <span class='ocrx_word' id='word_1_97' title='bbox 1245 2933 1425 3021; x_wconf 79' lang='lat' dir='ltr'><strong>tanquam</strong></span> <span class='ocrx_word' id='word_1_98' title='bbox 1434 2922 1663 3021; x_wconf 80' lang='lat' dir='ltr'><strong>glandulom</strong></span> <span class='ocrx_word' id='word_1_99' title='bbox 1678 2923 1896 2997; x_wconf 73' lang='lat' dir='ltr'><strong>salientem.</strong></span> 
     </span>
    </p>
   </div>
   <div class='ocr_carea' id='block_1_8' title="bbox 271 3040 1897 3144">
    <p class='ocr_par' dir='ltr' id='par_1_9' title="bbox 271 3040 1897 3144">
     <span class='ocr_line' id='line_1_16' title="bbox 271 3040 1897 3144; baseline -0.004 -24"><span class='ocrx_word' id='word_1_100' title='bbox 271 3065 360 3122; x_wconf 73' lang='lat' dir='ltr'><strong>ostio.</strong></span> <span class='ocrx_word' id='word_1_101' title='bbox 444 3046 543 3123; x_wconf 91' lang='lat' dir='ltr'><strong>Illud</strong></span> <span class='ocrx_word' id='word_1_102' title='bbox 572 3069 768 3144; x_wconf 88' lang='lat' dir='ltr'><strong>organum,</strong></span> <span class='ocrx_word' id='word_1_103' title='bbox 802 3040 907 3141; x_wconf 83' lang='lat' dir='ltr'><strong>(ride</strong></span> <span class='ocrx_word' id='word_1_104' title='bbox 915 3041 994 3141; x_wconf 84' lang='lat' dir='ltr'><strong>fig.</strong></span> <span class='ocrx_word' id='word_1_105' title='bbox 1020 3044 1053 3112; x_wconf 90' lang='lat' dir='ltr'><strong>l.</strong></span> <span class='ocrx_word' id='word_1_106' title='bbox 1082 3042 1160 3114; x_wconf 83' lang='lat' dir='ltr'><strong>tob.</strong></span> <span class='ocrx_word' id='word_1_107' title='bbox 1187 3041 1308 3128; x_wconf 91' lang='lat' dir='ltr'><strong>VII,</strong></span> <span class='ocrx_word' id='word_1_108' title='bbox 1335 3042 1476 3134; x_wconf 85' lang='lat' dir='ltr'><strong><em>VIII,</em></strong></span> <span class='ocrx_word' id='word_1_109' title='bbox 1496 3042 1570 3114; x_wconf 93' lang='lat' dir='ltr'><strong>IX</strong></span> <span class='ocrx_word' id='word_1_110' title='bbox 1575 3073 1590 3132; x_wconf 85' lang='lat'><strong>,-</strong></span> <span class='ocrx_word' id='word_1_111' title='bbox 1600 3041 1679 3141; x_wconf 82' lang='lat' dir='ltr'><strong>flg.</strong></span> <span class='ocrx_word' id='word_1_112' title='bbox 1704 3046 1753 3115; x_wconf 83' lang='lat'><strong>10</strong></span> <span class='ocrx_word' id='word_1_113' title='bbox 1776 3057 1815 3117; x_wconf 83' lang='lat' dir='ltr'><strong>et</strong></span> <span class='ocrx_word' id='word_1_114' title='bbox 1835 3048 1897 3117; x_wconf 91' lang='lat'><strong>11.</strong></span> 
     </span>
    </p>
   </div>
   <div class='ocr_carea' id='block_1_9' title="bbox 235 3110 1899 3385">
    <p class='ocr_par' dir='ltr' id='par_1_10' title="bbox 235 3110 1899 3385">
     <span class='ocr_line' id='line_1_17' title="bbox 235 3110 1899 3264; baseline -0.005 -19"><span class='ocrx_word' id='word_1_115' title='bbox 235 3110 242 3123; x_wconf 33' lang='grc' dir='ltr'><strong><em>ι</em></strong></span> <span class='ocrx_word' id='word_1_116' title='bbox 396 3168 476 3242; x_wconf 81' lang='lat' dir='ltr'><strong>tab.</strong></span> <span class='ocrx_word' id='word_1_117' title='bbox 500 3167 566 3258; x_wconf 92' lang='lat' dir='ltr'><strong>X,·</strong></span> <span class='ocrx_word' id='word_1_118' title='bbox 578 3165 658 3264; x_wconf 82' lang='lat' dir='ltr'><strong>fig.</strong></span> <span class='ocrx_word' id='word_1_119' title='bbox 683 3167 719 3236; x_wconf 91' lang='lat'><strong>1.</strong></span> <span class='ocrx_word' id='word_1_120' title='bbox 741 3163 820 3236; x_wconf 83' lang='lat' dir='ltr'><strong>tab.</strong></span> <span class='ocrx_word' id='word_1_121' title='bbox 844 3161 969 3235; x_wconf 93' lang='lat' dir='ltr'><strong>XIV</strong></span> <span class='ocrx_word' id='word_1_122' title='bbox 969 3213 984 3248; x_wconf 91' lang='lat'><strong>,</strong></span> <span class='ocrx_word' id='word_1_123' title='bbox 1007 3160 1106 3234; x_wconf 92' lang='lat' dir='ltr'><strong>XV</strong></span> <span class='ocrx_word' id='word_1_124' title='bbox 1102 3192 1118 3253; x_wconf 92' lang='lat'><strong>,·</strong></span> <span class='ocrx_word' id='word_1_125' title='bbox 1123 3161 1202 3261; x_wconf 85' lang='lat' dir='ltr'><strong>fig.</strong></span> <span class='ocrx_word' id='word_1_126' title='bbox 1218 3162 1253 3236; x_wconf 82' lang='lat'><strong>3.</strong></span> <span class='ocrx_word' id='word_1_127' title='bbox 1269 3162 1346 3234; x_wconf 86' lang='lat' dir='ltr'><strong>tab.</strong></span> <span class='ocrx_word' id='word_1_128' title='bbox 1366 3162 1516 3235; x_wconf 91' lang='lat' dir='ltr'><em>XVII</em></span> <span class='ocrx_word' id='word_1_129' title='bbox 1522 3161 1730 3236; x_wconf 88' lang='lat' dir='ltr'><em>-XVIII</em></span> <span class='ocrx_word' id='word_1_130' title='bbox 1742 3176 1784 3236; x_wconf 82' lang='lat' dir='ltr'><strong>at</strong></span> <span class='ocrx_word' id='word_1_131' title='bbox 1791 3188 1899 3261; x_wconf 85' lang='lat' dir='ltr'><strong>proe-</strong></span> 
     </span>
     <span class='ocr_line' id='line_1_18' title="bbox 394 3280 1896 3385; baseline -0.003 -23"><span class='ocrx_word' id='word_1_132' title='bbox 394 3288 524 3362; x_wconf 83' lang='lat' dir='ltr'><strong>sertim</strong></span> <span class='ocrx_word' id='word_1_133' title='bbox 534 3285 611 3385; x_wconf 83' lang='lat' dir='ltr'><strong>fig.</strong></span> <span class='ocrx_word' id='word_1_134' title='bbox 636 3287 654 3355; x_wconf 91' lang='lat'>1</span> <span class='ocrx_word' id='word_1_135' title='bbox 676 3296 715 3357; x_wconf 86' lang='lat' dir='ltr'><strong>et</strong></span> <span class='ocrx_word' id='word_1_136' title='bbox 733 3283 769 3357; x_wconf 83' lang='lat'><strong>3.</strong></span> <span class='ocrx_word' id='word_1_137' title='bbox 788 3282 867 3355; x_wconf 80' lang='lat' dir='ltr'><strong>tab.</strong></span> <span class='ocrx_word' id='word_1_138' title='bbox 889 3280 936 3354; x_wconf 91' lang='lat' dir='ltr'><strong><em>X</em></strong></span> <span class='ocrx_word' id='word_1_139' title='bbox 943 3281 1080 3380; x_wconf 91' lang='lat' dir='ltr'><strong>-XI.)</strong></span> <span class='ocrx_word' id='word_1_140' title='bbox 1100 3286 1259 3381; x_wconf 91' lang='lat' dir='ltr'><strong>positum</strong></span> <span class='ocrx_word' id='word_1_141' title='bbox 1274 3295 1328 3355; x_wconf 88' lang='lat' dir='ltr'><strong>est</strong></span> <span class='ocrx_word' id='word_1_142' title='bbox 1347 3281 1392 3355; x_wconf 92' lang='lat' dir='ltr'><strong>ad</strong></span> <span class='ocrx_word' id='word_1_143' title='bbox 1407 3296 1547 3381; x_wconf 88' lang='lat' dir='ltr'><strong>partem</strong></span> <span class='ocrx_word' id='word_1_144' title='bbox 1563 3284 1779 3357; x_wconf 88' lang='lat' dir='ltr'><strong>anteriorem</strong></span> <span class='ocrx_word' id='word_1_145' title='bbox 1800 3309 1896 3359; x_wconf 86' lang='lat' dir='ltr'><strong>oeso-</strong></span> 
     </span>
    </p>
   </div>
   <div class='ocr_carea' id='block_1_10' title="bbox 29 3401 1900 4723">
    <p class='ocr_par' dir='ltr' id='par_1_11' title="bbox 320 3401 1899 3873">
     <span class='ocr_line' id='line_1_19' title="bbox 395 3401 1896 3512; baseline -0.003 -29"><span class='ocrx_word' id='word_1_146' title='bbox 395 3409 526 3512; x_wconf 90' lang='lat' dir='ltr'><strong>phagi,</strong></span> <span class='ocrx_word' id='word_1_147' title='bbox 557 3404 662 3507; x_wconf 88' lang='lat' dir='ltr'><strong>cujus</strong></span> <span class='ocrx_word' id='word_1_148' title='bbox 688 3406 849 3503; x_wconf 91' lang='lat' dir='ltr'><strong>primum</strong></span> <span class='ocrx_word' id='word_1_149' title='bbox 880 3401 1044 3476; x_wconf 84' lang='lat' dir='ltr'><strong>efformat</strong></span> <span class='ocrx_word' id='word_1_150' title='bbox 1068 3415 1319 3502; x_wconf 75' lang='lat' dir='ltr'><strong>segmentum,</strong></span> <span class='ocrx_word' id='word_1_151' title='bbox 1346 3413 1384 3473; x_wconf 90' lang='lat' dir='ltr'><strong>et</strong></span> <span class='ocrx_word' id='word_1_152' title='bbox 1410 3401 1507 3475; x_wconf 85' lang='lat' dir='ltr'><strong>infra</strong></span> <span class='ocrx_word' id='word_1_153' title='bbox 1529 3404 1719 3479; x_wconf 88' lang='lat' dir='ltr'><strong>cavitatem</strong></span> <span class='ocrx_word' id='word_1_154' title='bbox 1747 3405 1896 3481; x_wconf 81' lang='lat' dir='ltr'><strong>orclem.</strong></span> 
     </span>
     <span class='ocr_line' id='line_1_20' title="bbox 397 3519 1899 3629; baseline -0.004 -24"><span class='ocrx_word' id='word_1_155' title='bbox 397 3526 607 3605; x_wconf 89' lang='lat' dir='ltr'><strong>Membrana</strong></span> <span class='ocrx_word' id='word_1_156' title='bbox 630 3526 772 3598; x_wconf 87' lang='lat' dir='ltr'><strong>interna</strong></span> <span class='ocrx_word' id='word_1_157' title='bbox 788 3538 826 3597; x_wconf 89' lang='lat' dir='ltr'><strong>et</strong></span> <span class='ocrx_word' id='word_1_158' title='bbox 841 3520 1193 3597; x_wconf 84' lang='lat' dir='ltr'><strong>infundibuliformis</strong></span> <span class='ocrx_word' id='word_1_159' title='bbox 1212 3519 1324 3623; x_wconf 88' lang='lat' dir='ltr'><strong>hujus</strong></span> <span class='ocrx_word' id='word_1_160' title='bbox 1345 3523 1506 3596; x_wconf 83' lang='lat' dir='ltr'><strong>caritatis</strong></span> <span class='ocrx_word' id='word_1_161' title='bbox 1521 3521 1652 3596; x_wconf 89' lang='lat' dir='ltr'><strong>desinit</strong></span> <span class='ocrx_word' id='word_1_162' title='bbox 1672 3524 1718 3598; x_wconf 90' lang='lat' dir='ltr'><strong>ad</strong></span> <span class='ocrx_word' id='word_1_163' title='bbox 1735 3525 1899 3629; x_wconf 84' lang='lat' dir='ltr'><strong>pharyn-</strong></span> 
     </span>
     <span class='ocr_line' id='line_1_21' title="bbox 399 3643 1898 3753; baseline -0.001 -28"><span class='ocrx_word' id='word_1_164' title='bbox 399 3675 501 3753; x_wconf 88' lang='lat' dir='ltr'><strong>gem,</strong></span> <span class='ocrx_word' id='word_1_165' title='bbox 525 3673 601 3722; x_wconf 88' lang='lat' dir='ltr'><strong>sese</strong></span> <span class='ocrx_word' id='word_1_166' title='bbox 623 3672 707 3721; x_wconf 91' lang='lat' dir='ltr'><strong>cum</strong></span> <span class='ocrx_word' id='word_1_167' title='bbox 726 3643 922 3748; x_wconf 89' lang='lat' dir='ltr'><strong>parietibus</strong></span> <span class='ocrx_word' id='word_1_168' title='bbox 943 3645 1094 3719; x_wconf 89' lang='lat' dir='ltr'><strong>internis</strong></span> <span class='ocrx_word' id='word_1_169' title='bbox 1114 3644 1380 3749; x_wconf 87' lang='lat' dir='ltr'><strong>conjungendo.</strong></span> <span class='ocrx_word' id='word_1_170' title='bbox 1403 3647 1606 3746; x_wconf 66' lang='lat' dir='ltr'><strong>Occupatd</strong></span> <span class='ocrx_word' id='word_1_171' title='bbox 1623 3661 1687 3722; x_wconf 92' lang='lat' dir='ltr'><strong>aut</strong></span> <span class='ocrx_word' id='word_1_172' title='bbox 1702 3647 1727 3723; x_wconf 90' lang='lat'><strong>6</strong></span> <span class='ocrx_word' id='word_1_173' title='bbox 1744 3648 1898 3723; x_wconf 89' lang='lat' dir='ltr'><strong>annulos</strong></span> 
     </span>
     <span class='ocr_line' id='line_1_22' title="bbox 320 3767 1058 3873; baseline -0.012 -25"><span class='ocrx_word' id='word_1_174' title='bbox 320 3794 326 3803; x_wconf 87' lang='lat'><strong>·</strong></span> <span class='ocrx_word' id='word_1_175' title='bbox 398 3788 436 3847; x_wconf 90' lang='lat' dir='ltr'><strong>et</strong></span> <span class='ocrx_word' id='word_1_176' title='bbox 453 3796 552 3873; x_wconf 80' lang='lat' dir='ltr'><strong>soepe</strong></span> <span class='ocrx_word' id='word_1_177' title='bbox 571 3771 700 3872; x_wconf 82' lang='lat' dir='ltr'><strong>incipit</strong></span> <span class='ocrx_word' id='word_1_178' title='bbox 723 3767 768 3840; x_wconf 91' lang='lat' dir='ltr'><strong>ad</strong></span> <span class='ocrx_word' id='word_1_179' title='bbox 793 3771 866 3840; x_wconf 68' lang='lat'><strong>2⁰¹³</strong></span> <span class='ocrx_word' id='word_1_180' title='bbox 887 3780 952 3841; x_wconf 90' lang='lat' dir='ltr'><strong>aut</strong></span> <span class='ocrx_word' id='word_1_181' title='bbox 973 3768 1058 3842; x_wconf 66' lang='lat'><strong>3⁰¹³.</strong></span> 
     </span>
    </p>

    <p class='ocr_par' dir='ltr' id='par_1_12' title="bbox 29 3876 1900 4360">
     <span class='ocr_line' id='line_1_23' title="bbox 29 3876 1899 3994; baseline -0.001 -26"><span class='ocrx_word' id='word_1_182' title='bbox 29 3978 32 3985; x_wconf 28' lang='lat'>¹</span> <span class='ocrx_word' id='word_1_183' title='bbox 74 3876 79 3887; x_wconf 44' lang='lat'><strong><em>¹</em></strong></span> <span class='ocrx_word' id='word_1_184' title='bbox 190 3903 293 3979; x_wconf 25' lang='lat' dir='ltr'><strong>ror-ma</strong></span> <span class='ocrx_word' id='word_1_185' title='bbox 321 3905 383 3974; x_wconf 67' lang='lat'>9⁰¹¹·</span> <span class='ocrx_word' id='word_1_186' title='bbox 449 3894 514 3967; x_wconf 85' lang='lat' dir='ltr'><strong>Est</strong></span> <span class='ocrx_word' id='word_1_187' title='bbox 535 3890 738 3994; x_wconf 87' lang='lat' dir='ltr'><strong>pisisorme,</strong></span> <span class='ocrx_word' id='word_1_188' title='bbox 761 3887 886 3981; x_wconf 82' lang='lat' dir='ltr'><strong>orale,</strong></span> <span class='ocrx_word' id='word_1_189' title='bbox 910 3887 1102 3989; x_wconf 89' lang='lat' dir='ltr'><strong>paululum</strong></span> <span class='ocrx_word' id='word_1_190' title='bbox 1126 3886 1353 3987; x_wconf 88' lang='lat' dir='ltr'><strong>depressum,</strong></span> <span class='ocrx_word' id='word_1_191' title='bbox 1383 3888 1669 3964; x_wconf 84' lang='lat' dir='ltr'><strong>convexitatibus</strong></span> <span class='ocrx_word' id='word_1_192' title='bbox 1690 3888 1899 3966; x_wconf 89' lang='lat' dir='ltr'><strong>lateralibus</strong></span> 
     </span>
     <span class='ocr_line' id='line_1_24' title="bbox 225 3975 1899 4116; baseline -0.002 -25"><span class='ocrx_word' id='word_1_193' title='bbox 225 3975 357 4022; x_wconf 65' lang='lat' dir='ltr'><strong>..trenna</strong></span> <span class='ocrx_word' id='word_1_194' title='bbox 399 4016 512 4116; x_wconf 89' lang='lat' dir='ltr'><strong>magis</strong></span> <span class='ocrx_word' id='word_1_195' title='bbox 537 4010 757 4087; x_wconf 89' lang='lat' dir='ltr'><strong>salientibus.</strong></span> <span class='ocrx_word' id='word_1_196' title='bbox 791 4009 879 4111; x_wconf 84' lang='lat' dir='ltr'><strong>Ejus</strong></span> <span class='ocrx_word' id='word_1_197' title='bbox 905 4009 1131 4084; x_wconf 87' lang='lat' dir='ltr'><strong>consistentia</strong></span> <span class='ocrx_word' id='word_1_198' title='bbox 1156 4023 1210 4081; x_wconf 89' lang='lat' dir='ltr'><strong>est</strong></span> <span class='ocrx_word' id='word_1_199' title='bbox 1233 4011 1333 4109; x_wconf 90' lang='lat' dir='ltr'><strong>quasi</strong></span> <span class='ocrx_word' id='word_1_200' title='bbox 1359 4009 1628 4109; x_wconf 82' lang='lat' dir='ltr'><strong>cartilaginosa3</strong></span> <span class='ocrx_word' id='word_1_201' title='bbox 1661 4007 1714 4084; x_wconf 75' lang='lat' dir='ltr'><strong>es&#39;t</strong></span> <span class='ocrx_word' id='word_1_202' title='bbox 1741 4013 1899 4088; x_wconf 85' lang='lat' dir='ltr'><strong>maxime</strong></span> 
     </span>
     <span class='ocr_line' id='line_1_25' title="bbox 399 4130 1899 4236; baseline -0.003 -23"><span class='ocrx_word' id='word_1_203' title='bbox 399 4135 633 4229; x_wconf 81' lang='lat' dir='ltr'><strong>contractile3</strong></span> <span class='ocrx_word' id='word_1_204' title='bbox 666 4131 746 4236; x_wconf 86' lang='lat' dir='ltr'><strong>ejus</strong></span> <span class='ocrx_word' id='word_1_205' title='bbox 773 4135 1032 4208; x_wconf 90' lang='lat' dir='ltr'><strong>contractiones</strong></span> <span class='ocrx_word' id='word_1_206' title='bbox 1060 4132 1169 4206; x_wconf 89' lang='lat' dir='ltr'><strong>etiam</strong></span> <span class='ocrx_word' id='word_1_207' title='bbox 1201 4131 1289 4204; x_wconf 75' lang='lat' dir='ltr'><strong>hori</strong></span> <span class='ocrx_word' id='word_1_208' title='bbox 1321 4145 1402 4232; x_wconf 92' lang='lat' dir='ltr'><strong>post</strong></span> <span class='ocrx_word' id='word_1_209' title='bbox 1432 4130 1680 4206; x_wconf 79' lang='lat' dir='ltr'><strong>dissertionem</strong></span> <span class='ocrx_word' id='word_1_210' title='bbox 1711 4130 1899 4209; x_wconf 89' lang='lat' dir='ltr'><strong>Lumbrici</strong></span> 
     </span>
     <span class='ocr_line' id='line_1_26' title="bbox 277 4251 1900 4360; baseline 0.004 -37"><span class='ocrx_word' id='word_1_211' title='bbox 277 4269 367 4324; x_wconf 82' lang='lat' dir='ltr'><strong>color.</strong></span> <span class='ocrx_word' id='word_1_212' title='bbox 401 4256 521 4360; x_wconf 73' lang='lat' dir='ltr'><strong>elapsi</strong></span> <span class='ocrx_word' id='word_1_213' title='bbox 536 4255 825 4330; x_wconf 85' lang='lat' dir='ltr'><strong>manifestantur.</strong></span> <span class='ocrx_word' id='word_1_214' title='bbox 846 4253 951 4329; x_wconf 90' lang='lat' dir='ltr'><strong>Color</strong></span> <span class='ocrx_word' id='word_1_215' title='bbox 967 4268 1020 4327; x_wconf 91' lang='lat' dir='ltr'><strong>est</strong></span> <span class='ocrx_word' id='word_1_216' title='bbox 1036 4251 1219 4328; x_wconf 88' lang='lat' dir='ltr'><strong>subflavus</strong></span> <span class='ocrx_word' id='word_1_217' title='bbox 1235 4251 1407 4355; x_wconf 90' lang='lat' dir='ltr'><strong>pallidus,</strong></span> <span class='ocrx_word' id='word_1_218' title='bbox 1425 4279 1547 4329; x_wconf 88' lang='lat' dir='ltr'><strong>roseus</strong></span> <span class='ocrx_word' id='word_1_219' title='bbox 1562 4253 1609 4326; x_wconf 89' lang='lat' dir='ltr'><strong>ob</strong></span> <span class='ocrx_word' id='word_1_220' title='bbox 1623 4255 1900 4330; x_wconf 90' lang='lat' dir='ltr'><strong>ramificationes</strong></span> 
     </span>
    </p>

    <p class='ocr_par' dir='ltr' id='par_1_13' title="bbox 400 4373 1898 4600">
     <span class='ocr_line' id='line_1_27' title="bbox 400 4373 1292 4478; baseline -0.011 -20"><span class='ocrx_word' id='word_1_221' title='bbox 400 4378 603 4458; x_wconf 81' lang='lat' dir='ltr'><strong>vasculares</strong></span> <span class='ocrx_word' id='word_1_222' title='bbox 629 4400 712 4478; x_wconf 83' lang='lat' dir='ltr'><strong>quoe</strong></span> <span class='ocrx_word' id='word_1_223' title='bbox 740 4373 786 4449; x_wconf 90' lang='lat' dir='ltr'><strong>ad</strong></span> <span class='ocrx_word' id='word_1_224' title='bbox 811 4377 1038 4475; x_wconf 87' lang='lat' dir='ltr'><strong>superficiem</strong></span> <span class='ocrx_word' id='word_1_225' title='bbox 1060 4388 1292 4452; x_wconf 88' lang='lat' dir='ltr'><strong>evanescunt.</strong></span> 
     </span>
     <span class='ocr_line' id='line_1_28' title="bbox 450 4495 1898 4600; baseline -0.001 -25"><span class='ocrx_word' id='word_1_226' title='bbox 450 4500 550 4575; x_wconf 85' lang='lat' dir='ltr'><strong>Duas</strong></span> <span class='ocrx_word' id='word_1_227' title='bbox 568 4498 750 4600; x_wconf 85' lang='lat' dir='ltr'><strong>distinguo</strong></span> <span class='ocrx_word' id='word_1_228' title='bbox 771 4495 899 4570; x_wconf 85' lang='lat' dir='ltr'><strong>facies:</strong></span> <span class='ocrx_word' id='word_1_229' title='bbox 922 4509 1108 4572; x_wconf 75' lang='lat' dir='ltr'><strong>externam</strong></span> <span class='ocrx_word' id='word_1_230' title='bbox 1127 4512 1235 4599; x_wconf 88' lang='lat' dir='ltr'><strong>atque</strong></span> <span class='ocrx_word' id='word_1_231' title='bbox 1255 4500 1455 4591; x_wconf 87' lang='lat' dir='ltr'><strong>internam,</strong></span> <span class='ocrx_word' id='word_1_232' title='bbox 1477 4496 1701 4596; x_wconf 90' lang='lat' dir='ltr'><strong>totidemque</strong></span> <span class='ocrx_word' id='word_1_233' title='bbox 1718 4499 1898 4598; x_wconf 84' lang='lat' dir='ltr'><strong>margines</strong></span> 
     </span>
    </p>

    <p class='ocr_par' dir='ltr' id='par_1_14' title="bbox 403 4620 926 4723">
     <span class='ocr_line' id='line_1_29' title="bbox 403 4620 926 4723; baseline -0.002 -29"><span class='ocrx_word' id='word_1_234' title='bbox 403 4623 625 4723; x_wconf 84' lang='lat' dir='ltr'><strong>superiorem</strong></span> <span class='ocrx_word' id='word_1_235' title='bbox 646 4633 683 4696; x_wconf 86' lang='lat' dir='ltr'><strong>et</strong></span> <span class='ocrx_word' id='word_1_236' title='bbox 704 4620 926 4695; x_wconf 83' lang='lat' dir='ltr'><strong>inferiorern.</strong></span> 
     </span>
    </p>
   </div>
   <div class='ocr_carea' id='block_1_11' title="bbox 0 0 2130 5850">
    <p class='ocr_par' dir='ltr' id='par_1_15' title="bbox 0 0 2130 5850">
     <span class='ocr_line' id='line_1_30' title="bbox 0 0 2130 5850; baseline 0 0"><span class='ocrx_word' id='word_1_237' title='bbox 0 0 2130 5850; x_wconf 95' lang='lat' dir='ltr'><strong> </strong></span> 
     </span>
    </p>
   </div>
  </div>
 </body>
</html>
