4244 5850
929 532 1084 636 (199)

247 705 365 804 reperi
382 703 538 778 duorum
555 702 857 778 millimetrorum.
882 699 976 773 Sunt
995 714 1060 774 aut
1074 700 1258 798 spherica,
1275 699 1465 777 suturalia
1481 714 1545 775 sut
1556 700 1739 799 depressa,

245 825 346 922 (vid.
366 825 458 898 AB
464 825 586 898 CDE.
592 824 671 923 βε.
689 825 727 898 6.
746 824 824 895 tob.
847 822 1015 894 XXIII
1023 863 1046 877 -
1061 822 1274 920 XXVII)
1298 821 1463 921 quaedum
1480 835 1567 895 sunt
1586 820 1741 896 bilobata

246 945 319 1043 (0.
332 943 410 1042 fig.
427 944 464 1017 6.
483 945 561 1016 tob.
586 944 753 1017 XXIII
760 943 939 1016 -XXV
934 945 984 1016 11
996 942 1032 1038 ),
1067 943 1189 1061 glbido
1224 943 1338 1017 lacteo
1371 943 1513 1035 colore,
1552 944 1741 1041 superficie

249 1065 398 1140 externi
427 1064 612 1163 laevigatb,
635 1064 801 1156 lucente,
839 1062 974 1155 albidi,
1008 1064 1260 1156 imnisculatei3
1293 1077 1357 1137 out
1379 1064 1568 1162 superficie
1597 1061 1743 1135 cinerei

246 1184 355 1277 flavi,
379 1185 519 1283 aspersi
541 1185 682 1282 exiguis
702 1185 846 1283 punctis
866 1185 978 1282 nigris
1000 1182 1738 1284 (B.fig.4.tat.XX111-XXV11)

247 1306 347 1380 Duos
366 1318 480 1378 status
506 1306 707 1403 proecipuos
730 1308 769 1377 in
792 1304 848 1376 his
870 1306 945 1379 ovis
966 1305 1224 1381 animadverto.

247 1547 280 1593 s.
305 1519 422 1592 Prior
441 1520 666 1592 evolationis
683 1533 809 1592 status
831 1519 924 1620 (fig.
947 1500 1125 1595 ABCD.
1137 1521 1211 1620 βε.
1229 1522 1265 1596 6.
1285 1522 1363 1595 tob.
1378 1520 1664 1595 XIII-XXV
1659 1520 1740 1617 II.)

296 1704 338 1775 In
360 1704 478 1802 primo
501 1717 596 1777 statu
620 1730 685 1778 ova
712 1706 945 1804 reperiuntur
966 1705 1102 1804 repleta
1127 1705 1267 1804 liquore
1291 1707 1527 1807 homogenio,
1556 1730 1639 1778 cum
1659 1704 1738 1803 glo-
1756 1716 1932 1773 Evotuuoni·

248 1818 342 1896 bulis
364 1847 432 1921 ope
447 1823 669 1922 microscopii
694 1823 910 1915 visibilibus,
928 1825 1058 1917 lacteo,
1075 1825 1204 1899 albido.
1228 1827 1407 1900 Praeteres
1430 1827 1591 1898 cernitur
1613 1837 1738 1896 natans
1807 1794 1903 1839 ’Μ’

248 1942 287 2015 in
315 1944 479 2017 interiori
506 1944 608 2017 iilum
636 1945 783 2044 nigrum
811 1945 909 2043 quod
937 1969 1077 2044 semper
1108 1946 1153 2018 ad
1179 1949 1401 2046 superiorem
1429 1959 1567 2045 partem
1594 1943 1740 2016 adnatat

247 2060 362 2159 (DE.
379 2062 458 2162 βε.
479 2062 543 2160 6.)
570 2077 607 2136 et
628 2064 726 2163 quod
748 2064 940 2164 aliquando
958 2091 1031 2139 sese
1053 2067 1227 2164 replicare
1251 2069 1395 2147 videtur
1413 2069 1453 2140 ln
1472 2092 1510 2140 se
1525 2068 1645 2165 ipsum
1656 2064 1736 2163 (E)

247 2182 309 2254 lut
331 2182 455 2284 pullus
479 2182 682 2277 Lumbrici,
710 2187 749 2260 ni
775 2187 905 2280 fallor,
939 2187 997 2261 rel
1023 2187 1148 2261 saltem
1175 2189 1284 2288 primi
1307 2186 1386 2289 ejus
1408 2185 1612 2287 embryonis
1635 2184 1739 2260 rudi-

134 2313 137 2317 ’
248 2314 381 2375 ments.
410 2302 496 2377 Haec
523 2330 587 2380 ova
613 2304 804 2379 dimidium
832 2308 1029 2381 millimetri
1051 2310 1315 2408 pro'diametro
1340 2306 1488 2382 habent.

245 2493 283 2569 b.
316 2496 515 2570 Posterior
526 2500 751 2573 evolationis
763 2515 887 2574 status
904 2501 995 2601 (fig.
1015 2504 1098 2576 CD.
1101 2504 1178 2603 βε.
1193 2505 1229 2598 4.
1243 2505 1321 2577 tob.
1337 2500 1739 2600 XXIII-XXVII.)

293 2679 337 2752 ln
368 2682 527 2755 secundo
566 2696 661 2757 statu
698 2709 764 2758 ova
803 2683 986 2783 duplicem
1015 2684 1141 2759 saltem
1174 2686 1416 2762 evolutionem
1455 2686 1737 2786 acquisiverunt.

245 2796 487 2901 Diophrsgms
527 2801 665 2877 visibile
701 2803 832 2879 evadit.
878 2806 1097 2887 Extenditur
1134 2809 1359 2883 transverssli
1390 2807 1495 2881 modo
1523 2820 1561 2879 et
1597 2805 1739 2881 videtur

246 2916 406 2994 dividere
437 2947 546 2996 ovum
579 2925 618 2995 in
646 2923 736 2997 dues
765 2925 955 3023 portiones
976 2953 1072 3027 saepe
1104 2928 1321 3027 inaequales3
1363 2955 1437 3002 uns
1463 2925 1655 3025 aliquando
1685 2938 1739 2998 est

245 3034 428 3112 obscurior
455 3066 564 3140 quam
596 3041 720 3116 altera.
764 3045 899 3142 Liquor
932 3074 999 3121 ovo
1028 3049 1307 3146 comprehensus
1341 3062 1378 3121 et
1410 3048 1632 3143 microscopii
1671 3070 1738 3143 ope

244 3173 470 3259 perspectus,
497 3176 635 3234 constat
660 3165 861 3237 innumeris
885 3165 1038 3263 globulis
1065 3166 1260 3241 admodum
1280 3168 1440 3266 exiguis,
1464 3164 1647 3263 elliptieis,
1673 3166 1737 3263 qui

244 3280 396 3377 optime,
420 3281 485 3353 etsi
505 3283 743 3376 exsiccentur,
765 3301 1038 3382 conservantur,
1056 3286 1095 3360 bi
1111 3286 1248 3388 globuli
1262 3301 1348 3362 sunt
1361 3284 1544 3387 regulares
1560 3298 1598 3358 et
1619 3283 1738 3359 colore

246 3396 362 3473 elbido
388 3416 558 3500 argenteo
579 3405 749 3476 distincti.
1727 3404 1730 3409 ¹

293 3518 371 3596 Ovs
404 3547 485 3621 qure
511 3524 548 3595 in
577 3524 785 3624 corporibus
813 3526 965 3599 letiferis
997 3527 1217 3603 evolvuntur
1251 3528 1414 3626 quamvis
1448 3554 1522 3600 non
1548 3526 1593 3599 ad
1625 3524 1734 3599 telem

227 3630 456 3712 'incrementi
484 3641 634 3740 gradum
663 3647 899 3744 perveniant,
931 3673 990 3721 eos
1024 3663 1145 3723 tamen
1172 3650 1386 3726 evolutionis
1412 3648 1534 3721 modos
1563 3645 1733 3722 subeunt.
1811 3675 1819 3682 ·

245 3758 285 3832 In
325 3760 539 3860 quibusdam
576 3764 682 3838 facile
716 3765 862 3840 distinxi
905 3769 1098 3867 parvulum
1135 3764 1371 3843 Lumbricum
1406 3781 1589 3865 tamquam
1631 3765 1733 3839 filum

244 3879 389 3980 nigrum
410 3882 449 3953 in
473 3906 511 3955 se
534 3885 653 3982 ipsum
679 3885 893 3984 replicatum
920 3890 1010 3984 (A.
1027 3890 1105 3989 βε.
1130 3890 1167 3982 l.
1195 3888 1272 3961 tob.
1297 3887 1464 3960 XXIII
1471 3886 1649 3959 -XXV
1643 3882 1699 3958 ΙΙ
1706 3884 1731 3981 )

245 3996 420 4076 Paruulus
467 3998 682 4079 Lumbricus
722 4006 772 4079 ibi
805 4009 1001 4084 involvitur
1030 4013 1149 4110 specie
1174 4008 1370 4109 putaminis
1398 4004 1609 4106 chrysalidei
1637 4003 1734 4103 quod

247 4122 404 4220 rugescit
431 4148 515 4194 cum
547 4124 716 4218 animali,
751 4152 862 4203 ovum
894 4127 1040 4202 tandem
1077 4131 1236 4230 perforat
1268 4140 1377 4226 atque
1409 4127 1484 4199 exit
1519 4124 1587 4199 sub
1617 4125 1733 4199 sormi

247 4231 449 4340 chrysolidis
477 4242 523 4316 de
546 4245 619 4342 qui
646 4271 747 4320 nunc
769 4249 885 4321 acturi
910 4273 1047 4322 sumus.

617 4436 661 4510 0.·
710 4440 773 4513 De
789 4443 1056 4537 putaminibus
1082 4440 1343 4538 clmsolideis.

290 4586 480 4673 tutamina
503 4597 723 4700 chrysslides
746 4628 793 4679 ex
820 4596 909 4685 ovis
921 4604 1082 4707 produnt
1102 4605 1213 4717 simul
1237 4632 1278 4680 ec
1299 4617 1446 4707 propter
1471 4629 1574 4679 suam
1600 4605 1729 4685 evolu·
1747 4612 1786 4668 De
1806 4616 1956 4735 ''ffimiffi'
