4244 5850
937 509 1067 611 (97)

244 694 367 756 umen
393 676 629 754 cellulositate
654 672 764 751 deust
791 687 1045 777 segregantur3
1070 673 1111 749 3⁰
1138 673 1230 749 facie
1253 674 1397 752 interni
1424 675 1510 754 cum
1531 679 1741 758 membrana

241 799 509 879 uxbmusculari
532 823 616 900 quae
639 800 733 899 ipsos
751 811 930 901 separata
954 795 1070 871 canali
1094 796 1290 871 intestinali
1308 790 1449 902 et'ejus¹
1467 801 1738 902 appendicibus.

292 921 472 1034 Videatur
487 933 601 1021 caput
621 943 790 1019 sequens,
812 920 852 992 in
876 943 949 1018 quo
974 918 1019 992 de
1040 915 1197 994 motibus
1220 932 1458 997 retracturum
1477 936 1516 997 et
1538 939 1741 1025 protracto-

244 1066 329 1118 mm
355 1042 540 1145 speciatim
564 1043 696 1142 agitur.

742 1234 783 1307 (L
820 1235 886 1308 De
908 1236 1105 1311 Musculis
1137 1237 1241 1311 Oria.

294 1397 452 1501 tisicus
468 1422 539 1495 oris
553 1421 685 1520 exiguo
700 1446 854 1496 numero
865 1423 1041 1513 existunt,
1058 1420 1121 1496 sed
1136 1420 1269 1496 formas
1287 1423 1482 1499 admodum
1502 1427 1617 1503 varias
1632 1427 1740 1504 exbi-

244 1544 346 1621 bent.
380 1545 450 1617 Sex
476 1541 682 1634 observavi,
705 1541 860 1616 scilicet:
894 1545 934 1612 1⁰
957 1542 1225 1618 constrictorum
1246 1545 1333 1636 oris,
1359 1547 1400 1617 20
1423 1547 1631 1624 musculum
1652 1549 1739 1624 labii
1763 1555 1911 1614 Numerus.

243 1666 438 1768 superioris
454 1664 661 1766 proprium,
680 1663 720 1737 3⁰
737 1660 815 1764 ejus
833 1661 1070 1755 curatorem,
1089 1663 1130 1756 40
1153 1663 1232 1767 ejus
1247 1664 1506 1765 depressorum,
1531 1670 1572 1744 5⁰
1589 1646 1740 1747 muscu-

146 1808 151 1816 ’
244 1786 323 1864 lum
343 1788 531 1888 proprium
555 1782 641 1858 labii
667 1784 869 1869 inferioris,
900 1783 941 1857 60
971 1781 1051 1885 ejus
1070 1798 1313 1859 retractarem.
1344 1787 1510 1888 Singulos
1534 1789 1618 1864 illos
1636 1806 1739 1869 mus·

244 1907 345 1984 culos
365 1902 643 2008 peculiaribus
633 1931 671 1976 m
692 1903 930 2040 paragraphis
945 1903 1170 1978 examinabo.

182 2044 184 2049 “
294 2025 545 2102 Orismusculi
558 2052 577 2097 a
590 2024 693 2098 nullo
711 2039 877 2117 auctore,
894 2050 933 2097 n1
922 2025 1073 2117 fallor,
1092 2024 1246 2100 fuerunt
1261 2025 1453 2121 observati,
1472 2033 1636 2130 quamvis
1652 2034 1738 2133 qui-
1761 2043 1929 2102 Historias
1922 2067 1965 2106 u·

244 2146 327 2222 dam
352 2147 484 2222 horum
507 2144 774 2237 musculorum,
804 2144 983 2239 elevator,
1010 2145 1111 2221 verbi
1134 2146 1258 2240 cama,
1278 2146 1401 2223 labelli
1422 2153 1635 2250 superioris,
1665 2155 1737 2229 sint
1776 2113 1894 2170 'mum

243 2270 394 2344 maximi
416 2280 454 2341 et
476 2292 652 2368 perquam
679 2265 847 2342 visibiles.

714 2463 767 2534 10.
809 2462 874 2534 De
906 2464 983 2534 oris
1013 2465 1264 2536 constrictam.

293 2646 480 2724 Masculus
499 2651 709 2723 constrictor
731 2651 802 2724 oris
821 2648 924 2748 (vide
943 2676 1027 2736 ece,
1041 2649 1120 2749 fig.
1139 2649 1181 2743 4,
1205 2647 1227 2723 5
1249 2662 1287 2723 et
1300 2649 1337 2724 6.
1362 2649 1440 2722 rab.
1460 2650 1577 2749 ΙΙΙ.)
1598 2651 1734 2751 positus
1767 2680 1880 2740 Portus.

242 2781 299 2843 est
315 2768 362 2843 ad
376 2784 516 2872 partem
540 2770 756 2842 anteriorem
778 2769 887 2867 primi
909 2768 1054 2862 annuli,
1080 2769 1184 2872 cujus
1205 2795 1307 2843 oram
1329 2783 1530 2843 exstantem
1552 2770 1734 2864 efformat,

242 2903 281 2965 et
295 2890 347 2964 sic
370 2892 613 2965 communicat
635 2916 719 2964 cum
736 2890 942 2991 pharynge‚
959 2916 1027 2990 ope
1049 2891 1266 2966 membranae
1279 2889 1649 2985 infundibulisormis,
1673 2916 1736 2967 ca-

239 3013 392 3090 vitatem
413 3012 547 3087 oralem
573 3012 834 3084 constituentis.

162 3214 166 3220 ¹
289 3133 457 3207 Formam
475 3133 612 3233 praebet
633 3131 760 3206 annuli
777 3131 861 3232 plus
877 3132 1043 3206 minusve
1060 3131 1234 3234 regularis
1251 3146 1288 3204 et
1304 3132 1421 3204 crassi.
1446 3130 1500 3201 Ita
1519 3131 1734 3204 constitutus
1767 3116 1879 3206 lteram.¹

240 3267 295 3329 est
315 3269 359 3330 ut
377 3255 416 3327 in
439 3253 518 3357 ejus
540 3257 692 3330 cavitate
716 3266 906 3328 versentur
928 3267 966 3327 et
982 3267 1196 3331 moveantur
1216 3250 1372 3331 musculi
1394 3251 1532 3351 proprii
1553 3249 1733 3326 labiorum

240 3368 433 3477 superioris
455 3389 493 3448 et
517 3375 710 3449 inferioris.

288 3496 354 3569 Est
373 3496 504 3570 unicus
520 3511 557 3568 et
577 3494 748 3596 praeditus
768 3495 865 3569 fibris
884 3496 1027 3570 radiatis
1044 3497 1260 3598 conspicuis,
1284 3496 1483 3594 praesertim
1505 3519 1621 3593 quum
1637 3519 1675 3567 os
1692 3494 1731 3566 in
1748 3507 1835 3562 Fibra
1858 3519 1886 3562 er
1905 3525 1956 3564 nu-

240 3617 432 3717 scipsum‚
455 3617 547 3690 labia
570 3617 766 3710 movendo,
787 3618 986 3693 reducitur.
1798 3592 1899 3631 meru·

287 3737 451 3812 Latus
419 3763 497 3838 elus
516 3740 692 3837 posterius
712 3753 766 3811 est
783 3740 977 3832 circulare,
995 3754 1033 3813 et
1054 3766 1140 3814 cum
1158 3741 1275 3838 primo
1291 3737 1443 3828 annulo,
1466 3762 1534 3836 ope
1555 3738 1729 3809 intersec-
1746 3766 1859 3835 me„
1872 3767 1955 3824 facto
1980 3753 1984 3764 '

240 3858 345 3931 tionis
358 3857 438 3931 telae
453 3858 649 3953 cellularis,
663 3863 917 3934 communicat
937 3865 1047 3935 Latus
1059 3863 1218 3935 anterius
1230 3859 1448 3937 estliberum
1465 3873 1503 3932 et
1515 3858 1726 3932 rotundum.
1755 3846 1784 3890 ⁶²
1798 3836 1954 3892 ‘dmm'

241 3954 361 4065 Eacies
382 3993 530 4053 externa
551 3981 757 4054 immediate
777 3997 861 4056 cute
884 3983 1060 4078 obducta,
1082 3981 1361 4081 interrumpitur
1381 3981 1547 4079 superius
1563 3977 1726 4051 musculo

240 4088 417 4176 elevatura
439 4098 523 4173 labii
540 4102 750 4200 superioris,
769 4103 866 4204 quod
878 4130 985 4204 supra
1004 4105 1103 4179 illam
1123 4102 1344 4178 extenditur.
1367 4102 1489 4175 Facies
1511 4102 1653 4174 interna
1674 4113 1728 4173 est

241 4218 402 4319 levigata
428 4221 522 4293 sicut
547 4234 585 4292 et
611 4235 759 4294 externa
792 4237 830 4295 et
859 4225 898 4295 in
923 4223 1096 4299 relatione
1118 4237 1281 4302 versatur
1313 4248 1397 4296 cum
1426 4220 1520 4296 labio
1549 4221 1727 4322 superiori

220 4352 277 4441 *et
295 4338 505 4413 membrana
525 4343 716 4415 cavitatem
735 4342 869 4418 oralem
892 4348 1150 4421 circumdante.

223 4518 227 4526 .
287 4461 465 4560 Auget
439 4486 514 4535 sive
545 4463 679 4537 minuit
713 4465 1000 4565 magnitudinem
1037 4467 1148 4595 hujus
1181 4466 1386 4581 caritatis,
1398 4477 1500 4539 motu
1539 4487 1649 4618 quetlt
1685 4465 1726 4548 ln
1743 4490 1949 4547 Urursruorus.

221 4596 411 4681 wsequente
435 4583 551 4684 capite
570 4584 866 4662 examinabimus.
1294 4660 1329 4757 ,ὅ
1371 4690 1374 4695 ¹

1287 4710 1301 4756 x
