4244 5850
914 463 1068 629 (rsa)

254 703 444 779 Sicetiam
465 701 506 774 in
534 698 700 790 insectis,
737 693 804 772 ubi
826 697 972 792 sanguis
991 707 1092 769 certe
1119 717 1192 766 non
1215 689 1377 793 ejusdem
1400 705 1455 766 est
1478 706 1618 769 naturae
1642 720 1684 769 ac
1709 699 1749 770 in

254 820 473 913 humbriae,
499 824 561 893 aiir
586 819 626 891 iu
650 829 819 891 contactu
841 829 1002 890 versatur
1024 841 1108 888 cum
1128 814 1197 887 hoc
1219 813 1372 913 liquido,
1399 837 1468 912 ope
1490 815 1748 910 trachaearurn‚

253 956 295 1023 et
314 956 437 1017 tumen
455 937 557 1013 nulla
580 938 731 1010 mutatio
753 933 918 1007 notabilis
945 933 1063 1032 quoad
1082 935 1238 1007 colorem
1258 934 1379 1008 locum
1405 935 1525 1008 habet.

307 1062 478 1135 Attamen
501 1069 643 1129 certum
664 1054 808 1130 videtur
832 1050 1001 1152 parvulos
1028 1054 1255 1141 lumbricos,
1281 1080 1396 1152 quum
1422 1058 1533 1130 vitam
1558 1060 1753 1156 auspican·
1866 1075 1871 1084 ·

257 1195 337 1273 tur,
361 1191 400 1252 et
428 1177 577 1277 quidem
605 1174 724 1273 aliquo
752 1186 913 1271 tempore
940 1186 1018 1271 post
1044 1173 1141 1247 diem
1173 1175 1348 1268 natalem,
1381 1175 1515 1250 habere
1538 1180 1753 1278 sanguinem

258 1294 608 1387 omninoalbidum,
634 1296 684 1366 ita
711 1307 754 1367 nt
774 1293 1047 1387 difficillimum,
1078 1320 1124 1367 ne
1148 1295 1265 1370 dicam
1290 1296 1506 1394 impossibile
1531 1284 1577 1369 sit
1612 1313 1752 1373 motum

198 1463 199 1466 π
259 1416 527 1494 circulatorium
547 1415 766 1513 perspicere;
786 1413 941 1512 ideoque
963 1416 1076 1514 magis
1095 1419 1279 1514 magisque
1302 1417 1467 1490 dubitare
1491 1419 1580 1491 mihi
1600 1420 1685 1494 licet
1707 1422 1753 1494 de

260 1538 493 1617 circulatione
524 1563 544 1607 a
569 1534 803 1607 celeberrimo
834 1537 1125 1607 chmmerdom
1151 1538 1190 1608 in
1216 1539 1291 1609 ovis
1318 1538 1528 1634 Lumbrici,
1559 1554 1597 1614 et
1622 1542 1754 1618 exinde

259 1663 300 1734 in
324 1657 434 1759 pullis
460 1655 655 1731 observata.
685 1656 768 1725 Post
796 1679 954 1760 mensem
977 1668 1014 1728 et
1036 1656 1133 1754 quod
1158 1659 1319 1730 excurrit
1344 1657 1390 1732 ab
1411 1672 1510 1754 ortu,
1538 1661 1640 1734 nobis
1671 1677 1754 1739 tan-

260 1778 447 1871 tummodo
472 1803 536 1850 sua
558 1775 702 1850 vascula
722 1775 800 1847 haec
823 1777 1017 1848 animantia
1041 1776 1226 1849 exhibent.
1581 1853 1586 1860 ,

309 1901 352 1973 In
373 1897 605 1997 Erpobdelli,
625 1896 770 1994 sanguis
791 1897 899 1968 etiam
923 1895 1034 1969 rubro
1057 1897 1274 1971 vividissimo
1296 1884 1413 1972 colore
1433 1900 1599 1975 induitur
1613 1917 1651 1977 et
1669 1931 1777 2003 pr0-·

260 2018 425 2093 habiliter
441 2019 501 2092 hic
521 2017 683 2090 color-ex
705 2015 832 2090 eidem
857 2017 961 2090 causi
985 2019 1220 2118 reperiendus
1241 2031 1306 2091 est.
1330 2020 1373 2092 In
1395 2020 1573 2096 Hirudine
1595 2023 1753 2124 vulgari,

260 2141 406 2240 sanguis
426 2153 480 2212 est
504 2137 655 2224 albidus.

310 2258 626 2350 Quemadmodum
648 2258 687 2330 in
710 2257 864 2329 Homine
881 2268 918 2327 et
937 2255 1152 2331 animalibus
1171 2258 1432 2357 superioribus,
1452 2262 1492 2334 in
1518 2260 1756 2339 Annelidibus

182 2407 192 2417 ·
260 2382 370 2477 etiam
387 2404 531 2453 necesse
548 2392 602 2452 est
620 2392 661 2452 ut
678 2376 895 2452 membranae
916 2376 1143 2451 vasculorum
1159 2379 1467 2478 sangnilerorum,
1487 2394 1523 2452 et
1540 2381 1757 2458 membranae
1828 2430 1846 2463 ,·

135 2575 139 2583 ,
260 2504 440 2601 parietum
466 2501 692 2573 internorum
716 2499 955 2573 vesicularum
985 2502 1191 2594 aerearum,
1218 2503 1300 2573 satis
1329 2504 1402 2573 sint
1429 2516 1557 2575 tenues
1582 2518 1625 2576 ut
1651 2505 1758 2587 exbi-

260 2625 369 2701 beant
389 2624 546 2698 liberum
568 2625 756 2695 transitum
777 2620 896 2694 fluidis
919 2620 1188 2712 uniformibus,
1211 2633 1249 2692 et
1270 2620 1379 2694 simul
1402 2634 1522 2695 tamen
1545 2628 1759 2724 sanguinem

250 2734 446 2831 ‘continere
469 2771 544 2838 non
560 2757 709 2816 cessent.
733 2744 914 2814 Caeterum
935 2766 1059 2817 omnes
1074 2741 1292 2815 membranae
1312 2742 1439 2819 iisdem
1460 2744 1581 2819 fluidis
1604 2747 1759 2847 ideoque
1884 2779 1889 2791 ·

261 2867 427 2964 exigenio
451 2865 629 2962 permeari
654 2874 816 2962 possunt.

309 2985 463 3084 Sanguis
491 2983 675 3057 Lumbrici
696 2981 871 3054 terrestris
894 2993 948 3052 est
968 2979 1162 3054 admodum
1185 2979 1363 3079 liquidus,
1391 3008 1520 3085 parum
1551 2997 1614 3057 aut
1635 2985 1757 3059 nullo·-
1775 3010 1890 3090 euteria
1914 3003 1984 3092 phy.

260 3103 368 3181 modo
390 3105 570 3194 viscosus,
590 3101 813 3201 pellucidae,
837 3102 947 3174 rubro
971 3100 1091 3176 vivido
1119 3101 1236 3174 colore
1254 3096 1462 3196 distinctus,
1485 3105 1609 3177 similis
1631 3085 1983 3225 aquae,{¹,⁰cff;‡,}¹g⁶ffiffi}:

262 3224 381 3326 quoad
407 3224 685 3301 consistentiam.
731 3224 775 3296 In
802 3233 951 3322 vapres
979 3223 1166 3315 abeundo,
1201 3249 1274 3296 non
1291 3223 1534 3322 conglobatur
1566 3224 1757 3305 nullumve
1774 3234 1887 3343 {iffi
1903 3222 1985 3294 <¹090-

262 3369 383 3419 serum
407 3343 573 3441 deponit,
597 3342 660 3415 sed
682 3342 856 3443 relinquit
884 3356 1035 3415 stratum
1057 3344 1307 3415 tenuissimum
1330 3343 1535 3415 substantiae
1553 3346 1654 3442 quasi
1677 3370 1759 3420 cor.-
1890 3331 1916 3345 Γ

262 3491 341 3541 neae
381 3464 500 3540 rubra
517 3490 598 3562 quae
619 3464 683 3536 diu
707 3463 862 3535 colorem
885 3490 993 3536 suum
1016 3467 1081 3536 etsi
1104 3463 1346 3563 pallidiorem,
1369 3466 1476 3536 etiam
1497 3463 1628 3538 lumini
1644 3492 1761 3569 expo-.

111 3639 118 3646 ·
160 3648 164 3659 ,
263 3588 352 3679 siu,
381 3597 578 3661 conservat.
608 3583 767 3655 siccatus
790 3587 934 3683 sanguis
962 3586 1130 3660 funditur
1155 3587 1195 3656 in
1222 3584 1421 3683 polygoni,
1449 3585 1558 3684 vulgo
1585 3587 1759 3684 quadrata

262 3706 356 3807 (fig.
380 3707 416 3780 8.
442 3705 520 3776 tab.
546 3705 687 3776 XXII
693 3705 860 3777 -XXV
866 3708 914 3803 .),
951 3706 1038 3778 dum
1063 3732 1185 3804 margo
1216 3718 1327 3803 guttae
1354 3706 1428 3777 sive
1455 3706 1533 3804 ejus
1562 3708 1759 3781 circumfe-

263 3826 379 3901 rentia
404 3850 424 3896 a
447 3836 571 3897 centro
593 3824 638 3896 ad
660 3825 853 3899 circuitum
875 3827 1045 3898 radiatur.
1074 3829 1218 3898 Etenim
1239 3827 1440 3898 innumerae
1464 3826 1561 3899 fibrae
1582 3826 1760 3926 regulari.
1875 3872 1878 3876 ·

264 3959 320 4021 ter
340 3960 379 4019 et
398 3947 477 4018 sine
493 3946 759 4043 interruptione
779 3947 1027 4045 deponuntur,
1048 3949 1097 4019 ita
1120 3960 1162 4020 ut
1184 3945 1363 4018 filamenta
1383 3945 1584 4044 producant
1605 3947 1697 4044 (fig.
1720 3947 1765 4038 4,·

266 4067 343 4140 tab.
363 4066 505 4140 XXII
513 4067 686 4137 -XXV
687 4121 695 4135 .
709 4067 734 4161 ).
774 4067 857 4138 Una
880 4094 925 4139 ex
947 4068 1016 4138 illis
1037 4067 1133 4139 fibris
1160 4068 1380 4165 microscopii
1405 4093 1471 4164 ope
1492 4080 1697 4162 perspecta,
1721 4081 1758 4141 et

264 4166 399 4281 soluta,
416 4186 506 4258 mihi
520 4185 676 4284 praebuit
693 4201 874 4284 aspectum
893 4190 983 4260 rami
1001 4186 1166 4284 pluribus
1182 4185 1413 4260 divisionibus
1426 4186 1594 4258 distincti.
1611 4185 1701 4284 (fig.
1721 4187 1756 4260 5.

264 4307 349 4409 edd.
372 4307 451 4380 tab.
466 4307 492 4403 ).
520 4304 682 4378 Tandem
699 4306 825 4408 majori
842 4310 925 4382 vitri
947 4310 1169 4408 microscopii
1190 4311 1427 4398 incremento,
1452 4303 1614 4378 videbam
1632 4304 1756 4379 fibram

264 4429 378 4528 ipsam
411 4428 612 4517 innumeris
646 4426 791 4513 iibrillis
806 4429 1032 4528 regularibus
1058 4443 1096 4502 et
1123 4432 1218 4537 inter
1245 4454 1283 4503 se
1308 4425 1486 4528 parallelis
1510 4438 1759 4522 constantem,

266 4549 361 4652 (fis
389 4549 536 4673 &aaa
560 4550 675 4681 taba)-

1366 4715 1411 4762 22
