4244 5850
925 511 1051 608 (37)

237 688 385 761 teriores
405 686 646 775 instituimus,
669 683 709 753 in
727 677 792 752 istd
809 681 917 752 etiam
933 694 1054 778 parte,
1076 682 1172 753 utin
1187 683 1383 774 anteriore,
1408 683 1634 755 transitiones
1651 704 1736 754 sen-

195 831 201 842 ·
236 813 304 883 sim
326 811 532 906 sensimque
553 807 666 895 fiunt,
690 800 851 875 sensibus
873 825 956 899 quae
979 801 1057 874 fere
1079 803 1210 875 nostris
1231 828 1307 877 sese
1328 803 1560 891 subtrahunt.
1613 856 1616 865 ·

237 974 240 982 ·
284 929 361 1002 Hoc
384 928 532 1028 quidem
556 928 713 999 animam
736 937 893 994 nostram
915 923 1122 1022 torquebat,
1147 950 1280 1025 nempe
1302 939 1345 999 ut
1366 929 1535 1000 certiores
1555 929 1634 1003 fieri
1651 954 1737 1027 pos-

237 1076 375 1141 semus,
399 1076 418 1121 a
437 1073 595 1148 quonam
620 1045 841 1144 dependeret
863 1046 1052 1142 praesentia
1074 1047 1224 1119 istarum
1247 1051 1457 1140 cristarum,
1482 1075 1564 1148 quae
1583 1050 1739 1148 quibua-

195 1200 201 1212 *
236 1172 373 1245 damin
396 1169 592 1243 individuis
615 1168 727 1267 magis
750 1167 953 1263 conspicuae
975 1165 1177 1264 etquidem
1196 1169 1302 1240 certis
1321 1169 1542 1268 temporibus
1561 1169 1736 1245 videban—

237 1307 319 1383 tur3
348 1290 543 1363 hoc'nobis
571 1315 653 1360 mox
681 1287 858 1375 occurrit,
887 1312 967 1356 nam
994 1286 1168 1383 quosdam
1198 1288 1284 1361 olim
1314 1291 1527 1363 vermiculos
1555 1292 1736 1366 connubia

236 1413 456 1486 celebrantes
487 1410 675 1483 nobiscum
709 1408 881 1499 tulimus,
908 1389 1059 1506 istisque
1089 1435 1110 1480 a
1139 1432 1176 1480 se
1206 1411 1361 1483 invicem
1391 1410 1590 1504 distractis,
1629 1427 1736 1513 caute

236 1533 522 1608 examinavimus
544 1545 682 1630 partem
708 1529 883 1627 corporis,
909 1527 982 1627 quir
1006 1527 1331 1629 conjungebantur.
1360 1531 1508 1624 Ventri,
1531 1535 1587 1606 uti
1611 1561 1736 1608 omncs

233 1657 386 1744 scimus,
415 1651 557 1724 sibimet
579 1653 836 1749 opprimuntur
862 1647 1080 1744 implicando
1107 1649 1257 1747 papillas
1281 1652 1320 1722 in
1347 1653 1559 1727 cavitatibus
1583 1681 1734 1754 respon-

234 1773 414 1849 dentibus.
445 1774 485 1845 In
511 1779 610 1845 coitu
631 1784 775 1862 autem,
799 1770 862 1867 qui
885 1768 1078 1867 aliquando
1105 1796 1169 1868 per
1189 1785 1304 1868 totam,
1322 1788 1464 1845 noctem
1488 1775 1732 1872 protrahitur,

231 1897 424 1972 humorem
445 1895 588 1968 exalant
606 1893 803 1983 viscidum,
824 1891 1068 1964 emollientem
1091 1917 1216 1963 omnes
1236 1906 1372 1991 partes,
1391 1919 1573 1992 quaecum
1594 1897 1669 1995 ipso
1693 1897 1733 1968 in

233 2031 457 2092 contractum
479 2030 534 2089 sat
555 2015 706 2115 longum
730 2027 930 2113 ponuntur.
957 2013 1066 2087 Unde
1090 2016 1149 2106 fit,
1175 2029 1217 2088 ut
1237 2015 1364 2088 annuli
1389 2042 1496 2115 supra
1513 2020 1622 2089 series
1637 2021 1733 2091 set'a-

231 2166 315 2214 rum
338 2164 413 2212 sese
434 2140 635 2236 explicent,
659 2163 740 2237 quae
757 2137 922 2236 quamvis
940 2162 1069 2234 corpus
1088 2137 1321 2229 intraverint,
1342 2140 1513 2209 tamenin
1529 2163 1602 2212 sure
1615 2139 1733 2211 inser-

229 2261 335 2333 tionis
358 2272 501 2359 puncto
520 2259 698 2332 musculos
721 2258 883 2358 praebent
908 2260 1088 2353 duriores,
1112 2262 1224 2359 magis
1244 2273 1465 2358 compactos,
1483 2273 1520 2331 et
1536 2259 1595 2335 vel
1619 2261 1733 2359 magis

232 2382 418 2474 salientes,
442 2408 551 2482 quam
578 2380 724 2479 quidem
754 2380 815 2451 alii
844 2381 1119 2453 circumdantes.
1150 2380 1238 2452 Inde
1266 2382 1343 2452 istae
1366 2379 1517 2452 fimbria
1537 2379 1595 2452 vel
1616 2381 1734 2453 cristae

181 2577 185 2584 ,
229 2503 357 2576 eodem
376 2496 531 2575 numero
553 2481 752 2600 eodemque
775 2501 881 2573 modo
903 2501 1079 2600 dispositae
1103 2527 1144 2573 ac
1165 2507 1297 2600 organa
1319 2501 1529 2574 locomotus.
1558 2501 1647 2574 Inde
1670 2498 1728 2592 fit,

229 2636 273 2697 ut
298 2622 483 2695 interdum
511 2623 579 2694 nisi
605 2648 720 2720 pauca
752 2621 940 2695 individua
969 2623 1196 2696 inveniamus
1224 2624 1337 2695 cristis
1367 2625 1531 2715 munita,
1582 2635 1620 2694 et
1651 2622 1732 2695 baec

228 2743 377 2844 quidem
395 2749 531 2816 coitum
552 2742 778 2840 praecedente
798 2759 904 2814 nocte
926 2742 1212 2817 celebraverunt.
1239 2742 1328 2815 Inde
1349 2742 1508 2843 denique
1523 2745 1581 2836 fit,
1597 2757 1639 2816 ut
1655 2749 1730 2816 n'on

226 2866 296 2939 nisi
310 2864 525 2966 quibusdam
537 2866 576 2935 in
589 2863 811 2963 temporibus
829 2870 945 2936 coitus
964 2864 1170 2938 faventibus
1186 2863 1270 2937 talia
1281 2864 1468 2937 individua
1485 2867 1725 2939 inveniamus.

239 2963 248 2973 ,
280 2985 399 3058 Carus
417 3000 538 3059 autem
555 2986 695 3084 primus
710 2999 917 3075 auctorum,
939 3011 998 3058 me
1016 2984 1156 3086 judice,
1174 2998 1245 3075 est,
1264 2987 1328 3082 qui
1345 2984 1409 3056 has
1425 2987 1547 3056 cristas
1562 2984 1727 3059 animad-

226 3109 357 3197 vertit,
388 3119 426 3179 et
452 3107 535 3178 istos
563 3105 710 3204 quidem
740 3104 863 3179 videre
886 3103 971 3176 licet
993 3105 1031 3175 in
1057 3103 1177 3177 tabula
1201 3103 1375 3204 quadam,
1404 3104 1580 3202 quamde
1609 3107 1727 3178 Lum-

225 3228 334 3301 bricis
358 3227 566 3306 delineavit.
1821 3306 1827 3312 ‚

272 3349 478 3450 Longitudo
493 3375 635 3423 necnon
647 3348 801 3439 latitudo
814 3351 970 3450 corporis
986 3348 1094 3424 valdc
1107 3361 1256 3448 possunt
1272 3349 1420 3440 variari,
1432 3362 1540 3447 prout
1552 3362 1589 3421 et
1602 3351 1724 3422 nutu
1767 3357 1923 3429 Longiuao

224 3485 409 3565 mentum,
426 3485 530 3564 aetas,
545 3473 805 3545 contractiones
826 3472 1045 3545 annulorum
1064 3455 1344 3544 modificationes
1364 3472 1558 3569 recipiunt.
1575 3470 1725 3544 Maximi
1741 3441 1950 3551 mm,

222 3590 426 3685 Lumbrici,
448 3592 612 3692 quamvis
635 3616 743 3689 quam
772 3594 928 3663 maxime
949 3592 1086 3664 extensi
1107 3605 1208 3683 sunt,
1233 3616 1434 3691 numquam
1458 3591 1723 3691 longitudinem

222 3715 325 3816 pedis
351 3728 593 3814 assequuntur
607 3741 617 3807 3
646 3712 814 3785 nonnulli
841 3712 987 3810 quidem
1022 3715 1274 3812 reperiuntur,
1303 3717 1369 3812 qui
1393 3715 1561 3786 nonnisi
1586 3715 1724 3814 aliquot

224 3837 338 3912 lineas
349 3837 556 3936 adaequant,
574 3836 638 3910 sed
651 3836 691 3908 bi
712 3835 881 3938 juniores.
905 3835 1128 3934 Longitudo,
1144 3835 1385 3906 contractione
1398 3837 1576 3927 variante,
1596 3837 1725 3909 variat.

273 3957 492 4031 Vermiculis
512 3960 620 4030 etiam
635 3957 715 4030 lraec
734 3957 944 4030 conceditur
963 3956 1132 4047 facultas,
1149 3968 1193 4028 ut
1206 3956 1379 4053 posterior
1396 3957 1602 4028 extremitas
1615 3966 1725 4029 com-

222 4077 364 4179 planari
384 4078 512 4175 possit:
541 4089 578 4148 et
601 4078 640 4148 iu
659 4075 727 4149 boc
755 4102 839 4150 casu
863 4091 947 4149 setae
973 4077 1176 4150 inserviunt
1203 4075 1250 4149 ad
1270 4075 1546 4148 sustentandum
1577 4102 1720 4175 corpus.

220 4197 331 4298 (vid.
357 4210 467 4296 eaput
487 4196 533 4269 de
554 4196 752 4270 locomotus
772 4199 949 4296 organis).
979 4198 1016 4270 Si
1043 4195 1244 4288 Lumbrici,
1270 4209 1312 4269 ut
1334 4197 1438 4268 aiunt
1461 4196 1608 4296 quidem
1631 4223 1724 4270 auo-

223 4331 336 4410 tores,
355 4342 484 4416 corpus
500 4318 599 4408 setis,
616 4317 751 4415 plumis
771 4342 838 4389 seu
859 4318 1054 4416 squammis
1076 4316 1252 4391 ebdutum
1275 4299 1501 4409 habuissent,
1523 4343 1596 4389 non
1621 4317 1721 4389 tanti

221 4464 306 4513 cum
329 4437 501 4510 facilitate
530 4437 689 4510 interris
716 4436 933 4512 descendere
958 4440 1175 4538 potuissent,
1207 4439 1289 4537 quis
1312 4452 1433 4511 tamen
1457 4463 1595 4536 negare
1610 4441 1719 4537 possit

222 4557 463 4659 appendicula
501 4559 578 4636 sive
605 4556 726 4630 mollia
761 4559 838 4635 sire
875 4556 965 4633 dura
993 4583 1067 4633 non
1107 4562 1265 4638 inveniri
1293 4561 1332 4633 in
1362 4558 1470 4636 larvis
1496 4560 1721 4634 insectorum

221 4679 345 4756 eodem
370 4678 477 4754 modo
499 4675 736 4757 viventium?
