4244 5850
1113 498 1245 598 (⁸8)

429 682 621 772 occupent.
645 669 692 742 lli
707 667 881 760 musculi,
903 665 968 767 qui
979 680 1065 740 sunt
1075 665 1185 740 albidi
1205 682 1243 742 et
1256 668 1454 769 perlucidi,
1470 674 1667 750 ostendunt
1685 679 1795 756 telam
1809 684 1930 763 cellu-

429 795 542 867 larem
557 793 761 883 densatam,
780 816 862 890 quae
878 787 1032 862 annulos
1048 786 1270 890 conjungere
1284 791 1445 884 ridetur,
1461 794 1522 867 sed
1535 822 1620 896 quae
1637 800 1681 872 ad
1699 809 1929 902 superficiem

429 942 554 991 eorum
580 919 762 988 internam
783 926 820 987 et
847 913 943 985 infra
973 910 1156 985 musculos
1180 914 1374 987 annulares
1402 918 1655 992 transversales
1680 930 1851 1003 occurrit.
1880 931 1930 1009 Hi

428 1062 603 1138 apparere
622 1037 805 1136 incipiunt
824 1047 905 1133 post
926 1034 1128 1107 secundum
1144 1048 1209 1109 aut
1227 1037 1378 1109 tertium
1400 1037 1578 1112 annulum
1599 1044 1725 1141 capitis
1741 1060 1780 1120 et
1798 1062 1932 1129 exten-

430 1159 570 1234 duntur
586 1183 702 1258 usque
718 1157 763 1229 ad
783 1182 916 1248 anum,
934 1157 1098 1256 quamuis
1114 1154 1284 1228 differant
1302 1159 1571 1257 magnitudine,
1590 1164 1653 1236 sed
1674 1192 1748 1240 non
1769 1154 1931 1253 multum

431 1280 548 1355 formal
577 1294 615 1353 et
642 1278 852 1352 directione.
884 1279 1020 1350 Eorum
1053 1277 1183 1377 positio
1209 1275 1349 1377 aliquid
1379 1272 1626 1356 observatione
1655 1285 1808 1387 dignum
1832 1294 1932 1375 inter

432 1406 532 1478 1811111
555 1415 593 1475 et
618 1405 693 1472 1um
715 1399 892 1474 annulum
915 1396 1075 1472 exhibet.
1099 1399 1243 1471 Etenim
1263 1399 1302 1470 in
1325 1396 1395 1471 boc
1416 1402 1546 1499 spatio,
1568 1419 1655 1478 sunt
1675 1406 1847 1509 largiores
1865 1416 1931 1493 sed

430 1525 540 1598 etiam
563 1524 684 1596 minus
708 1522 866 1595 distincti
889 1523 975 1621 quia
998 1519 1068 1592 tela
1093 1518 1274 1591 cellularis
1298 1518 1445 1591 densata
1467 1518 1516 1592 ibi
1544 1527 1657 1624 magis
1681 1542 1735 1600 est
1761 1533 1929 1633 evolutu

428 1647 492 1721 sed
516 1646 654 1719 nedum
675 1646 748 1717 sint
769 1647 808 1717 in
830 1643 1004 1718 relatione
1024 1642 1160 1716 directa
1182 1668 1266 1715 cum
1292 1640 1624 1740 diaplrragmatibus
1651 1648 1744 1746 ipsos
1768 1654 1930 1733 circum.

430 1766 622 1859 dantibus,
640 1792 725 1838 cum
736 1765 791 1836 his
804 1764 1001 1855 alternant,
1024 1777 1062 1836 et
1072 1764 1224 1862 appositi
1234 1775 1319 1835 sunt
1330 1762 1643 1837 intersectionibus
1658 1769 1738 1843 telae
1749 1771 1932 1855 cellulas-ie

431 1891 600 1964 densatae.
626 1887 734 1985 (Vid.
747 1888 824 1987 fig.
848 1888 884 1961 3.
903 1888 983 1958 tab.
1007 1886 1183 1958 XVIII
1191 1884 1340 1957 -XIX
1356 1897 1394 1956 et
1413 1885 1557 1956 tabuloe
1572 1891 1901 1987 explicationem.)

479 2008 621 2084 Exinde
641 2008 807 2082 concludi
823 2009 1019 2108 potest,·ni
1041 2007 1164 2100 sallor,
1186 2007 1267 2079 illos
1288 2006 1470 2080 musculos
1485 2035 1559 2081 non
1575 2012 1749 2089 inservire
1770 2020 1929 2101 motibus

431 2132 765 2233 diaphragmatum,
781 2129 840 2205 vel
862 2133 1020 2230 partium
1036 2129 1278 2231 adjacentium
1293 2130 1538 2224 internarum,
1559 2132 1621 2204 sed
1638 2136 1794 2212 motibus
1807 2167 1931 2221 annu-

430 2256 568 2347 lorum,
591 2251 898 2353 quemadmodum
919 2279 1020 2327 nunc
1041 2251 1257 2329 videbimus.

484 2377 530 2448 Hi
549 2373 705 2448 musculi
721 2376 762 2450 in
772 2373 946 2447 relatione
957 2374 1194 2465 annulorum,
1211 2397 1254 2445 eo
1270 2371 1395 2474 majori
1415 2398 1569 2447 numero
1581 2378 1742 2453 existunt
1757 2408 1823 2481 pro
1837 2385 1931 2461 ser-ie

431 2498 564 2572 horum
599 2521 829 2596 organorum.
867 2495 937 2568 Sed
971 2520 1147 2569 numerus
1177 2493 1335 2594 vulgaris
1363 2494 1582 2569 annulorum
1619 2524 1735 2597 quum
1763 2504 1810 2576 sit
1837 2506 1930 2601 132,

433 2643 609 2692 uumerus
630 2615 881 2689 musculorum
903 2614 1135 2688 annularium
1159 2616 1450 2689 transversalium
1470 2620 1540 2690 erit
1562 2619 1646 2692 130.

295 2764 303 2815 i
363 2759 369 2810 t
391 2795 398 2807 .
482 2741 618 2811 Eorum
629 2724 780 2810 directio
794 2750 849 2809 est
860 2737 1120 2830 transversalis,
1131 2737 1439 2839 perpendicularis
1456 2738 1502 2813 ad
1517 2767 1622 2815 axem
1636 2749 1813 2845 corporis,
1829 2749 1929 2851 quod

292 3254 398 3307 Forma.

303 3623 399 3678 fibra.

433 2863 473 2934 in
495 2858 648 2934 annulos
665 2857 849 2931 distinctos
863 2855 909 2929 ab
928 2858 972 2929 iis
990 2870 1144 2930 secatur.
1163 2857 1249 2932 llaec
1270 2859 1420 2934 directio
1437 2864 1550 2936 variat
1567 2890 1652 2938 cum
1669 2867 1826 2944 motibus
1847 2895 1932 2947 cor-

435 2985 549 3084 poris,
572 2995 610 3054 et
632 2994 826 3054 retrorsum
851 2979 1046 3052 inclinatur
1067 2978 1106 3049 in
1129 2990 1249 3071 motu,
1271 2992 1308 3052 et
1331 2982 1410 3056 vice
1431 2982 1532 3057 versa
1563 3010 1679 3084 quum
1710 2990 1844 3066 animal
1865 3017 1928 3069 te-

434 3102 665 3203 tmgreditur.

415 3310 425 3323 .
483 3226 621 3296 Eorum
651 3223 768 3296 forma
795 3219 945 3295 exhibet
967 3200 1124 3320 speciem
1158 3221 1285 3295 annuli
1316 3221 1469 3317 latioris,
1502 3227 1725 3327 marginibus
1750 3232 1931 3330 parallelis

433 3347 612 3419 instructi.
638 3343 800 3418 Altitudo
825 3357 911 3437 est}
932 3345 1148 3440 millimetri3
1169 3345 1322 3421 latitudo
1344 3358 1461 3419 totum
1484 3372 1614 3448 corpus
1631 3348 1814 3448 adaequat3
1835 3351 1931 3432 levi-

436 3481 491 3541 ter
513 3464 762 3539 tantummodo
781 3462 951 3540 videntur
973 3467 1191 3565 interrumpi
1211 3464 1372 3541 seriebus
1394 3480 1553 3540 setarum
1569 3467 1903 3567 longitudinulibus.

485 3587 600 3661 Fibrae
621 3586 816 3687 paululum
838 3600 924 3660 sunt
945 3585 1138 3662 distinctae:
1163 3589 1402 3663 maceratione
1426 3603 1601 3688 apparent
1624 3590 1810 3688 paralleles
1834 3596 1931 3671 inter

435 3734 511 3785 sese
537 3722 575 3783 et
601 3706 774 3783 lateribus
796 3709 1063 3802 musculorum,
1087 3712 1135 3781 ita
1158 3724 1202 3784 ut
1223 3711 1295 3782 sint
1317 3708 1590 3803 transversales‚
1622 3713 1734 3809 magis
1753 3712 1931 3791 distinctas

435 3834 476 3904 in
498 3843 625 3908 ventre
647 3856 756 3930 quam
779 3832 817 3905 in
838 3828 951 3906 dorso.
979 3830 1089 3931 (Vid.
1108 3858 1173 3919 oc,
1198 3859 1265 3917 ac,
1288 3843 1379 3921 etc,
1391 3829 1467 3928 fig.
1491 3832 1527 3900 2.
1551 3831 1629 3902 tob.
1647 3833 1822 3909 XVIII
1835 3836 1932 3928 bia.)

211 3974 425 4030 sociantem
485 3954 676 4053 Distinguo
698 3951 786 4028 duas
805 3953 914 4027 facies
935 3957 973 4028 in
997 3955 1053 4028 bis
1073 3954 1263 4047 musculis,
1289 3965 1476 4027 externam
1498 3964 1536 4025 et
1556 3953 1749 4028 internam.
1772 3956 1932 4039 Externa

232 4054 259 4097 el
273 4052 400 4096 ulem&

436 4089 491 4150 est
518 4075 701 4175 laevigata,
734 4074 831 4149 libris
863 4075 1156 4151 transversalibus
1185 4078 1379 4168 instructa,
1410 4072 1642 4174 probabiliter
1674 4100 1749 4150 sese
1775 4076 1934 4179 conjun-

437 4220 631 4299 genscum
656 4194 728 4269 teld
753 4196 915 4272 cellulari
940 4200 1158 4275 annulorum
1180 4197 1442 4303 adjacentium
1471 4198 1612 4270 interna
1639 4223 1714 4270 non
1736 4197 1859 4273 differt
1886 4199 1933 4275 ab

437 4317 603 4411 externe,
635 4331 776 4392 tanturn
799 4334 852 4392 est
878 4320 1028 4395 albidior
1050 4337 1087 4397 et
1111 4323 1225 4423 magis
1247 4320 1432 4397 adherens
1453 4345 1539 4399 cum
1568 4316 1638 4415 tells
1666 4317 1830 4402 cellulari
1859 4320 1932 4422 qua

438 4438 642 4515 obducitur.

248 4576 414 4634 ocutiones.
496 4560 543 4635 Hi
571 4561 728 4638 musculi
748 4582 857 4661 supra
884 4560 1117 4641 obducuntur
1143 4544 1347 4667 epiderme,
1374 4560 1469 4635 infra
1496 4558 1568 4635 tela
1595 4559 1758 4636 cellulnri
1786 4559 1931 4637 densati
