4244 5850
993 516 1130 618 (56)

300 691 451 766 diram
481 688 570 762 locis
606 699 790 787 sumptas3
828 708 933 758 nmrc
962 682 1193 777 numus,
1228 709 1333 761 nnnc
1368 699 1567 760 maceratas
1600 684 1812 786 obunci,

298 837 423 914 neque
449 837 615 910 unquam
644 810 812 884 invenire
838 808 944 908 potui
970 805 1080 882 telam
1103 805 1210 908 pellis
1236 806 1372 882 nuere
1399 821 1641 903 structuram,
1664 834 1713 886 ex
1736 811 1814 915 qd

299 939 432 1012 abduci
447 948 566 1036 potest
579 933 698 1027 illam,
710 935 822 1007 unice
832 931 889 1006 illi
899 932 1082 1004 functioni
1097 932 1138 1004 in
1148 931 1350 1004 oeoonomii
1366 930 1516 1004 animali
1530 924 1624 1005 tanti
1636 932 1814 1008 mornerrti
1863 938 1868 945 '

299 1060 488 1132 inservire.
512 1057 646 1129 Omnia
662 1081 728 1128 nos
743 1053 933 1154 impellere
947 1054 1140 1147 ridentur,
1155 1068 1201 1128 ut
1216 1053 1427 1148 credamus,
1447 1053 1513 1126 hos
1527 1078 1635 1154 poros
1652 1055 1812 1154 spamam

299 1181 497 1282 quamdam
517 1183 729 1279 stigmatum
748 1203 843 1268 erse,
869 1203 937 1277 per
955 1203 1039 1277 qnae
1059 1182 1121 1250 aer
1142 1179 1182 1250 in
1205 1175 1382 1250 vesiculas
1401 1176 1516 1248 aerios
1538 1188 1726 1274 penetrat,
1746 1176 1816 1277 qui

300 1317 476 1404 patere·
496 1299 647 1373 resiculi
669 1325 755 1373 cum
769 1301 856 1398 ipsis
872 1300 1157 1372 communicant.
1179 1302 1350 1372 Attamen
1371 1324 1481 1399 porro
1497 1299 1663 1372 accidere
1676 1311 1816 1398 potest,

301 1452 389 1500 cnm
410 1426 491 1524 pori
511 1426 585 1495 sint
605 1447 739 1522 organa
757 1434 908 1494 externa
929 1422 1190 1521 respirationis,
1211 1423 1321 1494 etiam
1344 1420 1473 1493 eodem
1496 1434 1661 1521 tempore
1679 1421 1817 1496 duam

299 1547 519 1621 exactorias
539 1570 616 1618 esse
639 1544 803 1617 materiei
820 1545 983 1637 riscusae,
1006 1544 1205 1619 dummodo
1225 1544 1309 1618 haec
1329 1548 1369 1618 in
1391 1543 1531 1618 tubulis
1549 1544 1627 1638 his,
1642 1546 1709 1646 qui
1724 1558 1815 1621 cuth

300 1673 398 1769 poris
418 1669 710 1760 communicant,
736 1668 897 1742 extasis
920 1665 1140 1767 quibusdam
1161 1671 1318 1768 propriis
1340 1681 1552 1742 evacuatur.

727 1947 771 2018 E.
828 1947 894 2019 De
927 1949 1084 2047 organis
1119 1948 1384 2021 locomotoriis.

349 2189 574 2284 Quanquam
601 2185 720 2285 primo
743 2198 930 2259 momento
951 2210 1094 2261 vermes
1119 2184 1312 2261 videantur
1335 2187 1479 2286 organis
1504 2183 1706 2260 locomotus
1731 2184 1819 2264 ‹les-

299 2309 421 2402 timii,
444 2321 606 2381 attamen
626 2305 727 2381 haud
746 2320 865 2408 potest
882 2310 1007 2409 negari
1029 2307 1110 2383 illos
1125 2308 1184 2383 his
1204 2310 1348 2410 organis
1363 2307 1531 2409 praeditos
1546 2297 1636 2381 esse.
1659 2307 1819 2386 Istorum

299 2456 521 2532 organorum
544 2431 741 2531 exiguitas,
766 2432 875 2523 situs,
899 2432 1016 2506 forma
1038 2436 1197 2534 corporis
1216 2432 1382 2532 elongata
1405 2444 1443 2504 et
1465 2431 1594 2504 annuli
1612 2433 1819 2532 precipue,

299 2553 523 2645 effecerunt,
549 2566 595 2626 ut
618 2578 685 2652 per
710 2553 863 2653 longum
892 2567 1056 2656 tempus,
1082 2568 1367 2655 perscrutatores
1396 2554 1625 2627 existentiam
1655 2555 1820 2654 ipsorum

252 2650 267 2665 „
300 2677 524 2777 ignorarent.
545 2674 634 2749 Haec
655 2672 804 2774 quidem
825 2701 959 2777 organa
984 2679 1179 2777 conspicua
1201 2675 1382 2767 eradunt,
1401 2675 1526 2751 soluto
1541 2701 1687 2750 sursum
1710 2674 1821 2751 deor·

303 2825 387 2874 sum
407 2821 558 2899 corpore
574 2811 613 2871 et
630 2796 727 2899 pelle
747 2796 934 2900 paulisper
947 2823 1161 2900 compressa.
1187 2799 1283 2890 Qum
1304 2825 1411 2872 cansa
1428 2798 1521 2893 suit,
1541 2825 1609 2873 cur
1629 2797 1820 2874 Lumbrici

304 2948 324 2996 a
346 2921 534 2995 nonnullis
554 2921 671 3018 aporii
688 2922 837 2996 nomine
860 2922 1126 3017 salutarentur3
1153 2922 1304 3023 quidam
1327 2924 1437 2996 etiam
1459 2935 1627 2996 auctores
1647 2922 1728 2996 illos
1751 2948 1821 2996 an-

302 3042 427 3144 guillis
460 3055 737 3143 compararunt,
775 3056 848 3116 tam
879 3057 1028 3144 propter
1059 3070 1278 3144 organorum
1308 3059 1430 3118 motus
1453 3045 1675 3139 absentiam,
1709 3070 1823 3146 quam

303 3164 351 3238 ob
370 3165 527 3238 sormam
546 3164 770 3265 peculiarem
791 3191 940 3260 eorum,
960 3181 1000 3241 et
1019 3167 1058 3242 id
1079 3168 1229 3268 quidem
1250 3170 1488 3241 Aristotelis
1510 3168 1589 3242 loco
1607 3168 1822 3271 (degener.

304 3290 435 3382 anim,
457 3289 485 3362 l.
505 3290 569 3361 Ill.
591 3314 624 3361 c.
647 3290 714 3387 2.)
736 3289 929 3388 probatur,
957 3291 1108 3366 ubisit:
1138 3292 1321 3364 intestina
1343 3303 1473 3377 tenoe,
1499 3291 1541 3362 in
1567 3291 1709 3388 quibus
1738 3316 1825 3364 cor-

298 3435 379 3507 pus
405 3411 668 3508 anguillarum
692 3413 880 3485 consistit.
905 3415 1020 3513 Ray,
1049 3415 1165 3513 (hist.
1188 3417 1316 3488 insect.
1339 3410 1823 3506 Londini,1710.vol.8⁶.

304 3530 426 3627 max.)
445 3530 658 3604 Lumbricos
676 3533 772 3604 inter
789 3533 921 3634 apodes
938 3560 1079 3611 vermes
1095 3550 1282 3610 terrestres
1294 3538 1416 3636 ponit3
1437 3533 1501 3608 sed
1520 3537 1560 3607 in
1580 3534 1825 3636 descripti*

305 3664 430 3724 tamen
457 3651 504 3725 de
531 3653 675 3752 organis
699 3653 940 3730 locomotoriis
963 3656 1151 3759 loquitur,
1182 3662 1321 3760 quippe
1352 3659 1417 3758 qni
1450 3660 1526 3730 ait:
1562 3658 1604 3729 in
1635 3656 1825 3731 lateribus

307 3774 487 3872 utrinque
507 3773 583 3846 duo
602 3788 695 3847 sunt
723 3776 872 3851 ordines
898 3783 1151 3877 asperitatum
1174 3784 1254 3853 lato
1281 3782 1380 3853 satis
1411 3780 1613 3852 intervallo
1637 3804 1663 3851 a
1691 3805 1736 3853 se
1762 3781 1827 3853 in-

307 3897 427 3967 vicem
444 3894 694 3984 distantium,
717 3899 859 3995 quibus
882 3915 926 3974 ut
932 3904 1101 3999 pedibus
1107 3954 1123 3991 ,
1146 3905 1201 3976 ad
1220 3903 1423 4001 rependum
1439 3917 1511 3976 aut
1524 3928 1659 4000 coqrus
1671 3929 1828 4001 permo-

305 4017 468 4090 vendum
485 4019 617 4090 utitur.
640 4021 788 4094 Willis
809 4036 848 4095 et
870 4022 977 4098 multi
996 4038 1154 4117 veteres,
1171 4023 1249 4098 Cel.
1265 4026 1468 4124 Montegre
1475 4077 1489 4112 ‚
1506 4026 1570 4097 Dc
1586 4024 1824 4123 Blainfitk,

313 4139 469 4227 Cuvier,
500 4142 708 4229 latreille,
738 4157 809 4216 etc.
837 4146 904 4219 ista
932 4149 1081 4221 omnino
1107 4161 1359 4249 cognoverunt
1385 4172 1546 4249 organa;
1582 4146 1708 4222 nullus
1735 4172 1827 4224 vero

309 4261 399 4336 adeo
411 4263 594 4364 profunde
610 4267 650 4337 in
661 4266 822 4365 ipsorum
838 4268 1003 4346 studium
1015 4286 1177 4348 renatus
1188 4284 1261 4365 est,
1278 4296 1389 4372 quam
1406 4269 1556 4370 quidem
1568 4269 1623 4343 Cl.
1637 4271 1824 4372 Savigry.

307 4382 379 4458 Hic
396 4411 483 4461 vero
500 4400 627 4461 auctor
642 4388 681 4459 in
701 4387 797 4464 binis
812 4393 887 4466 suis
902 4396 1131 4496 egregiisque
1148 4392 1318 4496 operibus
1333 4391 1587 4490 (Reclrerclres
1591 4418 1697 4490 pour
1704 4396 1829 4468 servir

311 4508 337 4578 ὰ
354 4507 395 4578 la
406 4508 684 4609 clasaification
699 4510 766 4583 des
784 4512 1028 4605 Annalides,
1047 4529 1085 4591 et
1104 4516 1276 4592 Tableau
1290 4516 1568 4614 systematique
1582 4515 1629 4588 de
1641 4516 1682 4588 la
1696 4516 1827 4592 classe

311 4625 378 4700 des
390 4632 635 4734 Annalides)
650 4633 772 4707 auimo
782 4639 973 4736 presertim
988 4640 1130 4716 intenso
1140 4642 1182 4717 in
1197 4664 1353 4742 organa,
1364 4651 1476 4738 caput
1487 4638 1768 4714 concomitantia
1784 4640 1825 4714 in
