4244 5850
1101 494 1232 595 (78)

464 671 520 749 Cl.
533 670 660 747 Home
674 669 717 745 in
729 665 978 743 dissertatione
993 662 1040 739 de
1055 661 1198 763 organis
1208 659 1448 761 generationis
1458 659 1737 739 Lumbn'oorum
1748 665 1916 765 (Posui.

418 793 553 869 Ibons.
576 790 718 886 1825);
742 788 804 863 illa
826 812 961 888 organa
982 784 1162 859 delineari
1182 784 1346 878 curavit3
1372 782 1436 856 sed
1455 783 1557 857 nulla
1583 784 1664 859 fere
1683 812 1811 864 eorum
1831 790 1917 867 dss-

414 917 543 1017 criptio
564 916 604 987 in
625 935 735 1011 opere
758 912 867 985 citato
891 909 1092 984 invenitur.

266 1060 379 1118 rosus.
464 1036 550 1111 ttaec
571 1060 704 1134 organa
730 1033 823 1133 (fig.
845 1030 996 1126 1ο,14,
1020 1031 1088 1123 15,
1112 1030 1172 1105 16.
1195 1029 1273 1102 tob.
1301 1028 1355 1100 V
1355 1059 1372 1119 ,-
1390 1028 1468 1128 fig.
1494 1028 1518 1122 4
1540 1043 1579 1101 et
1600 1029 1636 1104 5.
1658 1033 1736 1104 tab.
1764 1034 1895 1111 VIII
1899 1065 1918 1129 ‚-

402 1160 481 1261 srg.
506 1161 542 1231 2.
567 1158 646 1230 tob.
667 1155 802 1253 VII.)
824 1166 1023 1228 occurrunt
1044 1154 1085 1225 in
1106 1151 1274 1225 omnibus
1289 1151 1367 1223 sere
1390 1148 1612 1241 Lumbricis,
1633 1152 1727 1243 duo,
1746 1153 1792 1227 ab
1812 1168 1919 1231 utro-

414 1305 488 1380 que
499 1279 610 1352 latere
618 1278 753 1352 ventris
764 1277 896 1376 posita,
907 1274 1013 1349 modo
1024 1277 1064 1349 in
1075 1273 1304 1348 eddemlineb
1317 1271 1541 1346 transs'crsali
1551 1328 1561 1363 ‚
1572 1273 1665 1372 (fig.
1675 1276 1734 1367 14.
1744 1276 1822 1350 tob.
1838 1278 1918 1378 V.)

414 1401 521 1476 modo
541 1402 580 1473 in
596 1398 740 1472 duobus
761 1397 866 1470 lineis
887 1397 979 1497 (fig.
994 1396 1055 1471 15.
1070 1397 1149 1468 tob.
1166 1396 1225 1470 V.
1239 1409 1275 1468 et
1280 1395 1357 1494 fig.
1377 1394 1413 1468 5.
1432 1395 1510 1466 tob.
1531 1395 1692 1496 VIII.)
1707 1400 1745 1470 in
1763 1398 1916 1497 clitella,

412 1523 550 1598 scilicet
569 1546 694 1597 versus
714 1521 817 1594 321111
840 1519 884 1592 ad
908 1520 1009 1593 3811111
1032 1516 1230 1609 annulum,
1253 1516 1313 1592 vel
1334 1542 1442 1614 supra
1466 1516 1535 1589 lroc
1557 1544 1746 1618 organum.
1767 1522 1812 1594 In
1831 1550 1918 1625 pos-

413 1647 546 1719 teriore
566 1643 636 1716 hoc
657 1668 764 1735 casu,
780 1640 842 1715 illa
862 1642 981 1741 reperi
997 1638 1104 1713 modo
1123 1639 1162 1711 in
1179 1639 1245 1731 241
1263 1650 1305 1711 ut
1320 1636 1408 1710 dicit
1427 1637 1482 1711 Cl.
1504 1640 1731 1730 Fabricius,
1754 1643 1862 1719 modo
1875 1649 1916 1722 in

413 1765 558 1841 annulis
591 1762 756 1839 medium
782 1764 990 1837 tenentibus
1018 1763 1114 1837 inter
1141 1764 1243 1838 hunc
1272 1763 1452 1836 annulum
1483 1777 1521 1837 et
1551 1765 1740 1841 clitellam.
1783 1771 1917 1848 Positio

413 1890 545 1965 horum
567 1910 784 1986 organorum
801 1885 924 1958 multis
940 1884 1195 1960 variationibus
1212 1884 1357 1960 videtur
1371 1885 1537 1959 obnoxia.
1561 1888 1602 1960 In
1620 1889 1772 1986 clitello,
1788 1917 1916 1971 eornm

417 2011 545 2112 positio
560 2007 620 2082 vel
636 2010 755 2107 potius
773 2004 865 2080 basis
880 2033 955 2080 non
971 2007 1166 2084 admodum
1187 2023 1242 2082 est
1257 2008 1443 2102 distincta,
1463 2024 1622 2084 attamen
1641 2037 1757 2112 quum
1774 2030 1917 2094 secatur

416 2128 731 2208 interrectionibus
755 2129 974 2203 annulorum
997 2130 1131 2231 quibus
1152 2143 1307 2223 constat,
1334 2155 1476 2231 semper
1497 2132 1537 2204 in
1558 2132 1620 2206 1111
1644 2135 1721 2233 ipsi
1740 2137 1918 2215 intersec-

415 2254 514 2327 tione
533 2253 767 2351 reperiuntur
783 2250 876 2350 (fig.
897 2252 932 2326 5.
950 2253 1029 2324 tob.
1048 2252 1211 2350 VIII).
1230 2251 1359 2342 Quum
1373 2277 1482 2351 supra
1502 2251 1680 2328 olitellum
1697 2274 1915 2356 occurrunt,

315 2396 319 2403 ’
412 2373 647 2448 manifestum
672 2384 726 2445 est
742 2370 804 2445 illa
826 2372 937 2446 inseri
957 2373 998 2445 in
1017 2373 1309 2446 intersectionem
1332 2372 1488 2447 mediam
1513 2375 1610 2448 inter
1631 2375 1720 2451 duos
1741 2380 1914 2476 annulos,

413 2509 452 2570 et
470 2493 641 2570 videntur
663 2494 762 2566 nasci
778 2518 823 2567 ex
847 2493 918 2567 teta
940 2491 1106 2568 cellulari
1124 2492 1272 2566 densatis
1293 2518 1375 2593 quae
1392 2509 1532 2594 partem
1551 2501 1768 2574 anteriorem
1782 2499 1917 2579 hornan

414 2617 626 2692 animalium
652 2629 820 2716 occupat.

462 2740 632 2815 Diximus
651 2736 909 2839 appendiculas
927 2736 1005 2812 illas
1021 2738 1261 2838 generatrices
1281 2737 1377 2810 inter
1396 2761 1434 2810 se
1449 2736 1638 2832 alternari,
1658 2740 1737 2815 haeo
1757 2742 1918 2819 alterna-

416 2865 467 2939 tio
489 2876 544 2936 est
563 2888 664 2937 casus
692 2863 848 2936 maxime
870 2861 1051 2964 vulgaris:
1076 2874 1194 2961 potest
1219 2860 1341 2935 locum
1367 2858 1502 2934 habere
1530 2860 1576 2934 ab
1605 2888 1681 2935 uno
1708 2865 1846 2941 annulo
1870 2867 1918 2942 ad

414 2983 593 3061 annulum
616 2984 824 3059 immediate
845 2983 1145 3086 subsequentem,
1169 2983 1262 3082 (fig.
1285 2986 1347 3055 10.
1374 2983 1452 3054 tob.
1478 2984 1566 3082 V.)
1592 2987 1668 3060 sive
1688 2987 1830 3064 duobus
1851 3004 1918 3065 ant

415 3106 533 3184 tribus
553 3105 698 3183 annulis
716 3107 933 3208 interjectis,
957 3106 1047 3206 (fig.
1073 3106 1133 3179 15.
1157 3105 1235 3177 tob.
1263 3103 1316 3178 V
1314 3159 1322 3175 .
1332 3155 1346 3190 ,
1363 3103 1442 3202 fig.
1461 3103 1497 3177 5.
1526 3106 1605 3178 tob.
1630 3107 1793 3208 VIII.)

465 3229 547 3303 Non
570 3229 670 3302 certis
695 3229 835 3304 ratione
861 3228 1030 3301 affirmari
1056 3240 1175 3327 potest
1200 3251 1247 3298 an
1274 3224 1353 3298 haec
1376 3249 1508 3324 organa
1537 3249 1582 3297 ex
1608 3227 1737 3301 intimo
1767 3255 1919 3331 corpore

416 3363 538 3425 ortum
560 3350 697 3424 ducant
713 3375 780 3451 per
801 3351 1020 3426 annulorum
1041 3349 1325 3424 intersectiones:
1346 3370 1537 3445 nunquam
1555 3347 1653 3420 enim
1674 3373 1716 3421 ea
1738 3351 1777 3422 in
1798 3352 1918 3428 Lum..

417 3468 526 3545 bricis
545 3472 677 3570 apertis
698 3472 831 3570 reperi.
859 3472 917 3544 An
941 3470 1107 3572 quiedam
1128 3472 1299 3544 existeret
1320 3480 1489 3567 apertura
1511 3493 1707 3570 perquam
1729 3473 1769 3544 in
1793 3472 1918 3552 lucem

418 3592 612 3693 prodeant,
648 3619 696 3665 an
729 3604 814 3668 vero
847 3593 983 3668 directe
1008 3618 1053 3667 ex
1080 3593 1151 3666 tela
1177 3590 1340 3666 cellulari
1366 3587 1475 3663 densi
1504 3603 1625 3663 ortum
1649 3590 1812 3688 ducunt,
1842 3572 1915 3675 hoo

420 3712 609 3791 observare
634 3713 724 3787 mihi
740 3739 814 3788 non
835 3716 1004 3814 contigit,
1027 3729 1175 3816 propter
1195 3712 1461 3788 consistentiam
1483 3711 1628 3786 mollem
1651 3713 1782 3789 horum
1808 3744 1918 3822 orga-

418 3859 550 3909 norum
576 3858 777 3935 eorumque
804 3837 1052 3935 exiguitatem.
1085 3838 1123 3910 st
1145 3837 1283 3936 primus
1309 3860 1410 3908 casus
1436 3835 1580 3910 veritati
1606 3851 1699 3911 esset
1725 3856 1918 3918 consenta-

420 3980 531 4050 neus,
554 3956 757 4030 maximum
777 3982 861 4032 cnm
884 3984 1017 4057 organo
1044 3957 1242 4033 masculino
1263 3953 1485 4029 Hirudinum
1507 3953 1683 4031 haberant
1704 3960 1917 4039 similitudi-

421 4103 520 4155 nem.
547 4078 720 4153 Ceterum
740 4081 837 4155 inter
855 4080 917 4154 illa
938 4107 1069 4182 organa
1090 4079 1393 4179 comparationem
1419 4077 1662 4151 instituemus.

255 4228 386 4287 uisceris.
468 4199 544 4275 111ae
565 4198 815 4300 appendicula
835 4214 921 4275 sunt
942 4202 1159 4303 pendentes,
1187 4201 1343 4300 ideoque
1363 4199 1587 4272 extrinsecus
1613 4201 1915 4303 progrediuntur,

421 4319 636 4399 sineremus
658 4334 786 4422 caput,
809 4325 885 4397 sive
903 4348 1025 4399 versus
1041 4324 1192 4401 caudam
1214 4320 1396 4416 animalis,
1415 4345 1500 4393 nam
1520 4318 1565 4393 ob
1580 4344 1707 4423 earum
1725 4322 1915 4405 mollitiam

421 4440 461 4515 in
483 4466 608 4516 omnes
630 4440 846 4517 directiones
869 4458 1035 4544 vergunt.

195 4548 406 4677 15223222‘2
471 4561 605 4638 Earum
616 4562 805 4665 longitudo
817 4562 1066 4643 millimetrum
1078 4567 1269 4644 dimidium
1282 4593 1357 4644 non
1367 4566 1521 4653 excedit.
1534 4565 1659 4641 Multae
1669 4565 1749 4642 aliar
1759 4571 1917 4649 minores
