4244 5850
922 520 1077 618 (159)

251 688 418 760 arteriam
437 687 820 761 nervoso-ventralam.
843 685 938 761 Cum
958 685 1170 785 positionem
1188 685 1396 777 condedit,
1415 688 1535 761 nescio
1557 712 1603 758 an
1620 688 1670 758 ita
1686 711 1743 759 res

249 831 374 880 revera
392 830 468 878 sese
488 805 631 879 habeat.

291 928 343 1000 'ln
368 925 610 999 circulationis
638 951 776 1000 venosae
809 927 1029 1024 exposiu‘one
1057 926 1221 1000 eamdem
1245 928 1340 1001 viam
1369 951 1411 998 ac
1445 928 1483 998 in
1510 925 1743 1012 circulatione

252 1044 408 1120 arteriali
429 1070 638 1145 sequemur.

539 1276 582 1348 A.
635 1280 697 1350 De
727 1280 944 1350 vendeure
975 1291 1045 1348 aut
1070 1277 1231 1350 ventrali
1258 1275 1446 1347 mediand.

300 1438 385 1511 Haec
407 1464 498 1513 vena
518 1441 674 1513 occurrit
696 1444 734 1513 in
751 1440 978 1539 longitudine
997 1441 1131 1513 ventris
1146 1439 1308 1511 animalis
1322 1452 1360 1512 et
1374 1442 1413 1511 in
1429 1440 1624 1512 directione
1637 1438 1743 1513 lineae
1772 1455 1883 1539 rodus.

216 1563 222 1573 '
251 1559 425 1635 medianae
447 1561 637 1652 ventralis‚
668 1563 718 1633 ita
739 1575 782 1635 ut
802 1573 953 1661 systema
980 1583 1151 1633 venosum
1179 1558 1315 1633 dividat
1342 1561 1378 1629 ιιι
1402 1559 1490 1629 duas
1512 1571 1629 1656 partes
1651 1557 1744 1631 late-

251 1677 343 1751 rales
364 1693 401 1752 et
421 1682 684 1779 symmetricas‚
708 1706 818 1753 unam
841 1680 886 1752 ad
907 1680 1093 1769 dextrum,
1116 1678 1264 1752 alteram
1293 1679 1338 1752 ad
1364 1679 1548 1750 sinistrum
1570 1677 1678 1749 latus.

300 1797 359 1869 Sic
385 1799 566 1896 percurrit
587 1824 696 1897 super
716 1798 959 1898 pharyngem,
988 1798 1240 1896 oesophagum,
1270 1798 1488 1897 ingluviem,
1516 1795 1741 1869 stomachum
1767 1816 1940 1887 Amplitudo.

252 1929 290 1989 et
316 1916 477 1989 canalem
507 1916 767 2005 intestinalem‚
794 1929 832 1988 et
858 1916 1076 2014 pracsertim,
1109 1918 1204 1990 inter
1229 1917 1326 1990 lobos
1351 1931 1389 1997 et
1416 1917 1611 2015 plicaturas
1636 1913 1745 2015 hujus

253 2037 376 2134 organi
402 2036 507 2107 facile
532 2037 763 2134 conspicitur.

300 2156 465 2229 Formam
489 2157 637 2231 exhibet
656 2157 814 2233 funiculi
835 2157 980 2247 nodosi,
1010 2157 1107 2254 quod
1128 2157 1242 2228 oritur
1267 2182 1312 2228 ex
1333 2152 1643 2229 intersectiouibus
1664 2152 1743 2226 dia·
1778 2171 1883 2223 forma.

250 2274 523 2375 phragmatum‚
545 2275 850 2411 quemadmodum
872 2276 996 2349 illud
987 2302 1026 2347 ιιι
1049 2276 1146 2348 aortd
1167 2276 1289 2350 locum
1311 2276 1432 2350 habet.

298 2394 553 2469 Diametros
521 2420 599 2498 elus
621 2396 862 2471 transversalis
883 2396 961 2469 fere
983 2396 1173 2470 dimidium
1190 2398 1388 2471 millimetri
1412 2397 1577 2494 adaquat
1592 2394 1655 2466 sed
1670 2420 1738 2467 au·
1756 2406 1910 2460 Diameuos

252 2517 363 2615 gescit
388 2519 650 2608 maceratione,
675 2517 919 2590 membranam
943 2541 1043 2591 venae
1065 2518 1295 2589 extendente.
1760 2472 1955 2528 transversari.

301 2636 382 2710 Nou
405 2651 664 2737 contorquetur
687 2638 725 2709 in
746 2639 893 2736 zigzag
913 2639 1023 2710 instar
1046 2651 1153 2710 aortae
1179 2641 1218 2713 in
1242 2636 1543 2711 contractionibus
1569 2635 1743 2735 corporis,

252 2756 313 2831 vel
333 2757 457 2832 saltem
476 2757 547 2829 illae
569 2757 810 2829 contorsiones
825 2782 899 2828 non
923 2757 1010 2828 adeo
1036 2756 1190 2832 visibiles
1207 2770 1294 2831 sunt
1315 2783 1357 2829 ac
1378 2759 1417 2829 in
1441 2758 1583 2829 arteria.
1610 2753 1746 2827 Obser-

252 2876 411 2952 vandum
433 2879 540 2950 etiam
557 2888 610 2948 est
627 2901 772 2967 venam,
795 2890 942 2975 propter
960 2901 1060 2949 suam
1078 2879 1308 2975 positionem,
1332 2903 1405 2949 non
1426 2880 1476 2950 ita
1497 2889 1594 2949 trans
1617 2898 1746 2972 corpus

251 3022 445 3101 apparere,
474 2997 566 3097 (fig.
592 3000 628 3068 2.
658 2999 737 3069 tab.
762 2996 1088 3092 XX-XXIII.)

598 3190 999 3289 uliamifieationes
1022 3188 1269 3288 ptaryngeae.

303 3352 406 3426 Vena
430 3379 516 3429 cava
542 3379 563 3426 a
589 3354 778 3452 pharynge
802 3354 931 3450 recipit
954 3365 1018 3425 aut
1043 3348 1132 3425 huic
1157 3377 1290 3451 organo
1312 3349 1447 3449 praebet
1474 3348 1744 3421 ramilicatioues
1760 3365 1945 3420 armiscara-

254 3473 384 3546 similes
406 3471 722 3545 ramificationibus
743 3474 882 3544 arteriae
902 3485 1008 3553 aortae
1030 3472 1262 3572 totidemque.
1287 3472 1342 3543 Ad
1362 3471 1586 3571 pharyngem
1608 3468 1744 3541 etenim
1777 3451 1825 3487 ¹¹⁶⁸
1846 3433 1929 3488 '‘¹¹³‘'
1932 3471 1938 3485 '

253 3616 342 3665 rena
367 3618 453 3665 cava
478 3591 640 3664 desinere
661 3604 726 3664 aut
749 3605 868 3665 ortum
891 3618 1033 3665 sumere
1058 3593 1215 3667 videtur.
1248 3591 1438 3689 Quidquid
1458 3590 1503 3663 de
1527 3588 1595 3660 hac
1618 3612 1657 3661 re
1678 3589 1743 3677 sit,

254 3711 418 3809 quaedam
445 3712 575 3784 harum
603 3713 900 3786 ramilicationum
923 3736 1135 3786 venosarum
1164 3737 1286 3788 versus
1309 3709 1498 3785 cerebrum
1525 3708 1743 3798 ascendunt,

253 3843 291 3905 et
310 3835 550 3932 progignunt,
575 3835 848 3904 anastomosium
868 3858 937 3931 ope
963 3834 1056 3904 inter
1085 3857 1123 3904 se
1145 3831 1364 3932 conjunctae,
1386 3856 1492 3906 venas
1516 3829 1745 3928 pulmonares

252 3949 454 4050 dequibus
484 3954 579 4024 infra
606 3952 868 4051 (fig-Mad·
897 3955 1015 4025 XX
991 3952 1242 4050 XXIII.)
1287 3953 1416 4026 Nonne
1450 3951 1521 4026 itta
1546 3975 1646 4026 venae
1671 3952 1744 4021 suis

252 4073 564 4146 ramilicatiouibus
590 4098 674 4146 cum
700 4073 873 4145 arteriolis
898 4088 1005 4147 aortae
1028 4070 1370 4147 confunderentur?

599 4275 634 4346 b.
686 4277 998 4374 Ramificutiones
1028 4279 1276 4375 oesopdageae.

299 4435 393 4509 Sunt
413 4438 554 4535 exiguae
572 4451 610 4510 et
628 4465 756 4538 parum
780 4439 966 4551 distinctae.
999 4441 1181 4515 Ceterum
1204 4464 1263 4512 eas
1284 4436 1505 4535 totidemque
1528 4435 1681 4507 existere
1701 4459 1743 4504 ac

255 4553 443 4633 divisiones
466 4558 695 4659 oesoplrageos
714 4572 821 4635 aortae
841 4559 1004 4636 arbitror.
