4200 5842
811 504 968 605 (225)

137 671 199 745 cui
229 668 348 742 adhuc
379 667 508 741 nostris
536 665 664 741 diebus
698 666 799 743 iuvet
828 666 883 741 01.
917 669 991 742 Leo
1023 664 1189 769 Dusour.
1236 666 1318 742 lllas
1361 669 1546 770 opiniones
1586 673 1625 746 in

137 788 382 863 dissertatione
413 787 493 861 mes
519 786 681 886 exposui.
1104 780 1106 784 ’

187 907 271 979 Dixi
298 903 516 977 Lumbricos·
530 928 605 976 esse
633 903 909 1002 ovo-viriparos.
938 904 1073 977 Omnes
1090 902 1351 978 observationes
1373 907 1626 984 celeberrimo-

136 1051 221 1102 rum
242 1025 403 1101 virorum
430 1023 584 1109 Cuvier,
614 1023 813 1120 Montdgre
824 1073 843 1106 „
873 1024 932 1094 De
953 1014 1189 1109 Blainville,
1220 1025 1342 1112 Bosc,
1367 1027 1508 1114 Carus,
1530 1041 1624 1122 etc,

136 1159 175 1220 et
190 1143 261 1218 illae
284 1168 374 1242 quas
400 1145 476 1242 ipse
496 1144 654 1234 institui,
676 1142 885 1215 Lumbricos
909 1142 971 1214 tali
993 1142 1098 1215 modo
1121 1142 1335 1243 progignere
1358 1146 1521 1243 probant.
1554 1149 1624 1222 Sed

137 1264 252 1338 fateor
275 1264 427 1336 existere
453 1276 626 1361 praeterea
654 1262 754 1336 aliud
775 1289 890 1362 genus
916 1261 1200 1363 reproductionis
1226 1264 1264 1335 in
1290 1264 1388 1338 hisce
1411 1268 1626 1342 animalibus

137 1384 233 1484 quod
256 1383 403 1457 fortasse
423 1381 638 1481 plerumque
664 1383 783 1455 locum
807 1381 932 1473 hebet,
956 1385 1127 1480 quianon
1150 1408 1170 1453 a
1189 1383 1499 1458 verisimilitudine
1519 1387 1625 1460 aber·
1726 1376 1734 1392 ’

136 1516 355 1602 rarepotest
373 1515 505 1574 statum
525 1500 758 1577 domesticum
780 1515 818 1573 et
839 1501 1006 1575 servilem
1028 1501 1066 1571 in
1089 1526 1161 1599 quo
1184 1486 1368 1576 tenuimus
1391 1503 1624 1600 Lumbrioos,

138 1636 181 1695 ut
196 1622 325 1695 melius
336 1622 455 1694 omnia
468 1621 691 1694 eorumvitae
703 1618 938 1718 phaenomena
948 1618 1240 1713 observarentur,
1255 1647 1420 1721 magnam
1433 1606 1505 1696 vim
1519 1649 1625 1698 exer-

138 1744 253 1816 cuisse
280 1743 319 1813 in
341 1766 466 1815 eorum
496 1742 729 1839 gestationem
756 1751 794 1810 et
817 1737 1143 1836 reproductionem.
1168 1740 1226 1814 Illi
1249 1740 1432 1815 Lumbrici
1460 1743 1624 1820 abortum

138 1863 229 1962 pessi
249 1862 360 1935 fuisse
383 1859 566 1935 videntur.
595 1860 756 1930 Fortasse
777 1858 886 1929 etism
906 1856 995 1930 (luas
1010 1860 1144 1956 species
1164 1858 1319 1932 diversas
1339 1859 1633 1957 observavimus,

138 1983 302 2081 quamvis
318 1987 384 2053 hoc
400 2004 472 2051 non
489 1975 672 2076 probabile
688 1978 957 2076 est,quoniam‚
974 1991 1017 2050 ut
1028 1975 1275 2075 probavimus,
1289 1978 1509 2055 diversitates
1518 2008 1625 2084 orga-

137 2103 320 2175 nisstionis
347 2100 531 2172 exterioris
555 2123 643 2198 ques
665 2095 832 2169 nonnulli
857 2123 924 2194 pro
948 2097 1099 2169 criteriis
1123 2099 1296 2196 specificis
1317 2098 1504 2191 habuere,
1523 2096 1625 2176 nobis

137 2219 376 2293 differentiam
398 2221 599 2318 specierum
616 2242 688 2288 non
705 2228 853 2315 possunt
868 2215 1039 2313 praebere.
1059 2216 1247 2316 Quidquid
1260 2217 1328 2292 hic
1344 2218 1389 2293 de
1410 2246 1449 2293 re
1463 2223 1528 2313 sit,
1549 2223 1626 2294 his-

138 2338 227 2411 torin
251 2336 517 2411 observatorum
544 2334 614 2407 sola
647 2334 830 2407 scientiam
855 2335 1039 2406 constituit
1061 2349 1097 2407 et
1119 2336 1321 2411 observator
1341 2365 1431 2412 nora
1455 2341 1625 2441 detegens

136 2456 345 2556 semperde
361 2457 508 2528 scientia
535 2453 627 2526 bene
645 2468 817 2528 meretur.
842 2456 891 2527 Ea
915 2456 1052 2527 ratione
1074 2456 1193 2548 ducti,
1217 2458 1257 2529 in
1279 2458 1348 2531 hoc
1373 2460 1625 2558 supplemento

137 2601 359 2677 exponemus
387 2574 474 2675 quid
503 2573 603 2646 nobis
633 2576 782 2673 contigit
807 2574 876 2646 hoc
903 2600 1021 2666 enno,
1049 2575 1298 2675 physiologicis
1328 2578 1625 2676 explicationibus

137 2697 176 2767 in
214 2695 374 2769 medium
408 2693 671 2792 quodammodo
697 2693 841 2767 relictis.
876 2694 1117 2769 Phaenomena
1150 2722 1232 2795 quae
1268 2724 1393 2772 sumus
1430 2700 1624 2775 indicaturi

136 2815 307 2892 videntur
332 2839 407 2888 esse
434 2818 609 2887 contraria
641 2814 757 2887 eisin
790 2815 1034 2888 dissertatione
1064 2818 1250 2915 expositis,
1279 2817 1341 2890 sed
1368 2819 1505 2892 nullam
1535 2846 1625 2893 con-

138 2933 386 3008 tradictionem
419 2934 611 3008 involvunt
639 2935 707 3005 nisi
736 2935 775 3005 in
808 2936 927 3008 nostris
959 2961 1016 3008 res
1041 2935 1269 3009 examinandi
1304 2938 1470 3022 rationes
1500 2965 1623 3017 revers

138 3069 336 3155 utrumque
352 3057 390 3127 in
409 3080 532 3128 rerum
556 3068 685 3126 natura
712 3056 845 3128 existit.

185 3176 241 3247 Ex
273 3198 313 3247 re
344 3147 527 3271 explorsita
559 3201 579 3245 a
608 3174 799 3247 clarissimo
830 3173 1009 3269 Robyns,
1042 3184 1142 3271 petet
1177 3197 1242 3247 ova
1269 3172 1402 3270 expelli
1426 3200 1447 3246 e
1475 3200 1623 3274 corpore

137 3293 321 3370 Lumbrici
342 3292 546 3386 fecundati,
569 3305 606 3365 et
626 3293 688 3365 illa
708 3319 771 3368 ovs
792 3291 908 3367 evolvi
930 3306 1010 3390 post
1030 3293 1169 3365 exitum
1190 3316 1397 3395 ecorpore,
1414 3319 1482 3366 nec
1502 3309 1623 3369 tamen

137 3411 353 3487 Lumbricus
374 3426 561 3511 generator
583 3414 667 3511 ipsis
687 3437 833 3512 operam
850 3412 1039 3511 impendit.
1063 3413 1106 3484 In
1128 3410 1195 3508 hiso
1217 3411 1455 3511 explicatione
1480 3428 1623 3490 tantum

137 3532 400 3609 observandum
432 3533 651 3631 relinquitur
673 3546 798 3605 utrum
826 3533 884 3608 ovi
913 3557 1045 3605 nomen
1074 3530 1151 3626 dpri
1174 3532 1282 3627 possit
1309 3535 1441 3630 speciei
1469 3534 1623 3632 capsulas

137 3649 242 3751 cujus
262 3652 393 3723 unicus
414 3676 501 3724 usus
521 3653 561 3724 in
583 3654 775 3728 coversari
798 3651 942 3727 videtur
960 3665 1003 3724 ut
1025 3653 1207 3745 contineat
1229 3651 1421 3755 parvulum
1455 3650 1624 3753 embryo-

135 3795 221 3846 nem
244 3797 329 3846 cum
353 3770 494 3869 liquore
515 3775 579 3871 qui
606 3772 806 3847 circumdat
823 3798 907 3847 eum
934 3773 1058 3872 etqipsi
1082 3769 1297 3853 contrsvim
1317 3782 1502 3843 externam
1528 3798 1623 3869 prae-

136 3891 268 3966 sidium
291 3888 461 3989 praebeat.
486 3891 587 3964 Hanc
610 3896 845 3991 quaestionem
866 3894 959 3993 inira
983 3887 1279 3985 examinabimus.

137 4137 199 4175 rum
222 4121 390 4176 collectionis
416 4137 568 4191 possessor,
593 4123 638 4175 cui
661 4124 756 4178 Musei
776 4122 961 4189 Bruxellensis
981 4120 1108 4192 splendor
1128 4119 1230 4191 partim
1256 4117 1384 4184 debetur,
1409 4117 1481 4172 mihi
1501 4129 1625 4190 optatam

136 4209 305 4265 occasionem
320 4209 436 4281 prebuit
452 4228 533 4281 opera
549 4210 652 4283 egregia
672 4196 806 4288 consulta⁸
818 4213 902 4268 eundi
923 4211 1077 4283 etquidem
1097 4209 1167 4263 mibi
1185 4208 1304 4279 primaru
1325 4206 1441 4261 tradidit
1464 4208 1624 4264 facultatem

137 4301 257 4356 faciendi
282 4303 500 4358 observationem
523 4319 606 4373 quem
627 4303 656 4357 in
671 4305 722 4359 hoc
741 4286 929 4376 sipplsmento
950 4304 979 4357 in
1004 4300 1125 4354 medium
1145 4296 1264 4369 profero.
1290 4295 1418 4350 Amicum
1437 4297 1623 4365 pereruditsm

137 4393 177 4447 B.
202 4393 252 4446 De
278 4394 338 4446 Vos
366 4393 449 4445 simul
469 4409 576 4448 mecum
595 4373 730 4471 plurimis
752 4394 953 4448 observstiones
970 4388 1132 4456 instituisse,
1158 4396 1185 4441 et
1210 4384 1420 4441 scientissimum
1453 4384 1518 4438 Dm.
1547 4389 1625 4442 Vors-

136 4482 296 4545 derls'rsden,
322 4481 477 4538 Academia
502 4475 684 4553 Scisutisrisin
712 4493 739 4538 et
762 4484 929 4539 Litterarum
955 4478 1139 4535 Bruxellensis
1164 4475 1294 4532 membris
1321 4474 1507 4544 adscriptum,
1538 4478 1623 4530 etism

138 4569 264 4643 quedam
281 4589 363 4642 opera
383 4573 416 4626 ‹le
436 4558 892 4653 Anatomia'lssumbriciterrsstris
911 4569 1020 4643 egentis
1036 4567 1108 4623 mibi
1131 4566 1265 4623 indicssss
1285 4561 1551 4635 commendansque,
1578 4564 1624 4619 bic

137 4678 348 4719 commemorare
371 4665 461 4734 juvar.
528 4665 532 4673 '
559 4671 561 4675 ’

1239 4744 1287 4819 ²9
