4244 5850
875 554 1027 655 (181)

202 758 277 807 non
301 731 410 831 longe
435 739 517 829 post
542 722 700 824 corporis
724 721 993 812 dimotionem,
1025 717 1087 793 illa
1103 718 1281 820 depressio
1304 720 1483 822 augescit,
1505 722 1704 822 praesertim

203 875 328 929 versus
347 850 504 923 mediam
527 859 665 947 partem
682 845 730 917 ita
742 857 785 918 ut
807 842 885 915 haec
907 843 1026 917 oraria
1049 866 1142 941 sepe
1162 841 1342 916 discorum
1361 842 1515 916 formam
1533 842 1701 918 induant.

249 970 361 1064 Quod
386 994 475 1047 vero
495 968 540 1040 ad
566 967 778 1066 positionem
803 964 935 1036 horum
963 964 1167 1038 ovariorum
1191 976 1344 1064 spectat,
1365 963 1628 1040 observandum
1650 978 1705 1039 est

202 1090 264 1167 ills
284 1115 381 1191 steps
396 1091 436 1163 iu
457 1089 591 1162 lineam
608 1098 806 1160 contortam
822 1109 897 1157 sese
913 1082 1120 1157 extendere.
1146 1085 1314 1183 Denique
1333 1108 1379 1158 ex
1397 1083 1703 1160 observationibus

201 1210 369 1311 plurimis
389 1206 548 1308 hyemali
576 1220 613 1280 et
634 1231 744 1282 verno
767 1219 928 1304 tempore
949 1206 1149 1298 institutis,
1163 1206 1253 1278 mihi
1276 1208 1392 1281 visum
1417 1222 1472 1280 est
1495 1207 1557 1280 illa
1581 1209 1702 1281 oraria

201 1331 318 1430 prima
339 1354 387 1402 ex
407 1330 549 1429 organis
564 1324 854 1426 generatoribus,
873 1323 1029 1424 (scilicet
1051 1326 1191 1424 magnis
1210 1329 1338 1400 orariis
1360 1341 1398 1399 et
1417 1327 1611 1427 testiculis)
1625 1350 1701 1401 esse

203 1449 360 1529 evoluta.

587 1658 623 1730 b.
681 1657 828 1730 Ovcria
854 1653 1033 1752 inferiora
1057 1668 1128 1747 aut
1151 1652 1314 1752 majora.
1347 1737 1351 1743 ,

251 1876 446 1967 Inferiora,
474 1872 778 1973 quemadmodum
800 1871 873 1974 jam
895 1872 1070 1964 diximus,
1094 1887 1180 1946 sunt
1202 1873 1358 1946 maxima
1380 1873 1512 1947 oraria.

251 1999 460 2073 Occurrunt
480 1998 576 2070 infra
607 2009 733 2070 caetera
765 2009 802 2068 et
823 1995 901 2066 lere
927 1993 1134 2067 immediate
1159 2018 1268 2092 supra
1290 1992 1512 2093 ingluviem,
1541 1991 1830 2085 scilicet,1›001210,

205 2118 298 2215 ¹circa
321 2116 510 2218 glandulas
533 2116 778 2215 oesophageas.
815 2117 896 2189 Duo
920 2130 1133 2209 occurrunt,
1163 2127 1201 2188 et
1225 2125 1373 2214 tegunt,
1400 2139 1515 2213 quum
1540 2112 1586 2187 ad
1611 2139 1698 2213 per·
1713 2134 1861 2193 Numerus.

202 2238 335 2312 lectam
358 2236 603 2314 evolutionem
626 2237 862 2334 perveniunt,
887 2237 1065 2336 integram
1087 2248 1226 2334 partem
1250 2234 1466 2307 anteriorem
1494 2236 1699 2310 orariorum

201 2371 239 2433 et
259 2357 508 2433 testiculorum
531 2349 759 2457 superiorum
787 2357 891 2454 (tob.
923 2358 1043 2443 VII,
1072 2357 1217 2442 VIII,
1246 2356 1319 2429 IX
1330 2369 1369 2429 et
1391 2356 1460 2443 X,
1489 2369 1558 2428 etc.
1572 2355 1597 2453 ).
1780 2414 1782 2419 .

251 2479 346 2554 Sunt
361 2479 588 2586 reuiformia,
603 2478 796 2578 aliquando
815 2477 976 2551 trilobata
994 2479 1085 2576 (fig.
1105 2480 1140 2548 2.
1155 2477 1233 2549 tab.
1249 2477 1321 2552 IX
1329 2506 1345 2567 ;
1352 2475 1431 2574 fig.
1449 2474 1508 2550 15.
1522 2477 1588 2548 tab
1606 2475 1696 2576 Χ.),
1714 2496 1823 2552 Forma.

203 2597 385 2698 elongata,
409 2599 589 2698 depressa,
614 2598 785 2672 lateribus
804 2599 973 2690 sinuosis,
989 2598 1064 2671 basi
1083 2599 1200 2672 latiori
1217 2625 1326 2699 quam
1347 2600 1460 2696 apice.
1485 2598 1612 2671 Forma
1632 2625 1698 2697 pro

202 2720 419 2794 evolationis
437 2733 532 2793 statu
547 2721 673 2797 variat:
686 2744 779 2820 saepe
801 2732 886 2793 sunt
908 2718 1089 2819 globulosa
1107 2733 1145 2792 et
1163 2718 1267 2793 valde
1290 2724 1448 2792 extensa.
1471 2719 1607 2791 Eorum
1629 2744 1698 2817 pe-

200 2838 364 2913 diculum
386 2838 519 2931 habeo,
554 2853 736 2939 tamquam
758 2839 911 2913 ductum
941 2840 1004 2938 qui
1031 2837 1303 2911 transmittendo
1324 2836 1455 2935 liquori
1484 2839 1696 2936 spermatico

199 2960 449 3036 testiculorum
468 2962 630 3035 inservit.
653 2961 720 3032 Hic
737 2961 966 3060 pedunculus
985 2972 1039 3032 est
1057 2958 1323 3058 complanatus,
1346 2956 1632 3056 longitudinalis,
1650 2955 1893 3032 adpetitionum.

199 3078 294 3155 latus
314 3082 499 3153 internum
527 3081 639 3155 ovarii
668 3079 859 3152 efformans
880 3077 968 3151 duas
989 3078 1238 3176 impressiones
1260 3074 1561 3174 longitudinales3
1587 3074 1694 3149 fulcit

201 3200 387 3275 vasculum
410 3184 658 3300 sanguiferum
680 3200 776 3300 quod
797 3204 836 3272 in
858 3188 1072 3273 membrana¹
1090 3198 1202 3275 orarii
1223 3196 1456 3268 ramilicatur.

250 3320 466 3395 Ovariorum
490 3320 668 3422 majorum
692 3319 896 3393 membrana
919 3334 972 3393 est
999 3346 1040 3393 ac
1066 3317 1272 3392 membrana
1302 3317 1504 3391 oratiorum
1526 3315 1693 3413 superio-
1709 3337 1876 3392 ttemtrana.

199 3462 306 3528 rum,
326 3428 474 3512 fortasse
492 3438 682 3538 paululum
707 3452 762 3511 est
782 3438 928 3533 durior3
955 3465 1049 3541 saepe
1071 3439 1188 3512 colore
1207 3437 1299 3511 flavo
1323 3434 1494 3508 albidiore
1515 3436 1690 3510 inlicitur.

199 3557 423 3651 Quibusdam
445 3559 542 3631 horis
561 3573 642 3659 post
660 3560 816 3658 corporis
836 3558 1082 3632 dissentionem
1106 3557 1250 3656 clapsis,
1277 3556 1395 3630 oraria
1418 3555 1690 3654 deprimuntur,

147 3694 151 3698 ’
198 3662 324 3752 eorum
346 3677 507 3753 medium
527 3678 685 3754 flavemit
700 3692 738 3751 et
748 3692 959 3770 excavatur,
979 3681 1027 3750 ita
1046 3692 1089 3751 ut
1108 3676 1303 3753 substantii
1325 3674 1461 3749 duriori
1475 3688 1512 3747 et
1527 3674 1691 3750 albidiori

148 3780 155 3787 ⁰
197 3788 419 3871 circumdata
447 3798 649 3874 videantur.

245 3916 361 3989 Instar
380 3930 592 3992 caeterorum
616 3920 836 4011 ovariorum,
863 3918 1063 4018 implentur
1089 3916 1230 4018 hyemis
1254 3931 1434 4016 tempore,
1465 3915 1606 4017 liquore
1633 3916 1688 3989 al·
1705 3935 1776 3989 ova.

197 4034 355 4110 bementi
379 4037 443 4135 qui
464 4038 643 4131 continet,
671 4065 755 4116 vere
777 4039 949 4133 durante,
966 4043 1157 4113 innumera
1178 4063 1264 4131 ova,
1285 4035 1452 4137 parvula,
1475 4049 1513 4110 et
1530 4038 1626 4111 inter
1647 4061 1686 4112 se
1738 4081 1741 4087 ·

198 4136 393 4229 lrctissime
412 4142 641 4231 cohaerentia.
673 4160 795 4232 Mense
815 4159 919 4250 Maii,
940 4159 1002 4231 illa
1022 4160 1143 4234 oraria
1163 4159 1282 4231 omnia
1304 4170 1391 4231 sunt
1417 4157 1623 4258 granulosa,
1648 4170 1686 4231 et

197 4291 241 4377 ut
260 4263 310 4350 ita
332 4278 475 4370 dicam,
502 4281 644 4354 nonnisi
677 4280 774 4354 hisce
804 4282 880 4355 ovis
908 4294 1082 4353 constant.
1118 4276 1347 4378 (videantur
1378 4278 1418 4350 in
1431 4277 1512 4376 fig.
1541 4282 1575 4349 1.
1605 4279 1685 4350 tob.

196 4396 363 4470 XXIII
369 4438 392 4453 ··
402 4399 536 4470 XXV
538 4399 593 4471 II
592 4453 621 4493 .,
637 4413 755 4499 partes
765 4398 896 4474 horum
907 4403 1109 4475 ovauorum
1122 4400 1337 4473 inferiorum
1352 4398 1399 4472 ad
1411 4399 1685 4497 microscopiuua

325 4530 477 4592 storum.

196 4541 379 4711 regma
398 4519 518 4716 orariis
540 4652 618 4715 tum
637 4640 821 4740 superiora
845 4654 925 4718 tum
941 4640 1133 4737 inferiora,
1155 4637 1314 4740 hyemali
1332 4651 1513 4741 tempore,
1531 4663 1685 4719 evanes—
