<?xml version="1.0" encoding="UTF-8"?>
<!DOCTYPE html PUBLIC "-//W3C//DTD XHTML 1.0 Transitional//EN"
    "http://www.w3.org/TR/xhtml1/DTD/xhtml1-transitional.dtd">
<html xmlns="http://www.w3.org/1999/xhtml" xml:lang="en" lang="en">
 <head>
  <title>
</title>
<meta http-equiv="Content-Type" content="text/html;charset=utf-8" />
  <meta name='ocr-system' content='tesseract 3.04.00' />
  <meta name='ocr-capabilities' content='ocr_page ocr_carea ocr_par ocr_line ocrx_word'/>
</head>
<body>
  <div class='ocr_page' id='page_1' title='image "./delumbriciterre00morrgoog_0133.png"; bbox 0 0 4244 5850; ppageno 0'>
   <div class='ocr_carea' id='block_1_1' title="bbox 909 544 1123 641">
    <p class='ocr_par' dir='ltr' id='par_1_1' title="bbox 909 544 1123 641">
     <span class='ocr_line' id='line_1_1' title="bbox 909 544 1123 641; baseline 0.005 -1"><span class='ocrx_word' id='word_1_1' title='bbox 909 544 1123 641; x_wconf 45' lang='lat'>(109)&#39;</span> 
     </span>
    </p>
   </div>
   <div class='ocr_carea' id='block_1_2' title="bbox 229 704 1746 1912">
    <p class='ocr_par' dir='ltr' id='par_1_2' title="bbox 229 704 1746 1303">
     <span class='ocr_line' id='line_1_2' title="bbox 237 704 1745 817; baseline -0.004 -25"><span class='ocrx_word' id='word_1_2' title='bbox 237 704 257 817; x_wconf 86' lang='grc'><em>&lt;</em></span> <span class='ocrx_word' id='word_1_3' title='bbox 263 714 346 792; x_wconf 88' lang='lat' dir='ltr'><strong>vide</strong></span> <span class='ocrx_word' id='word_1_4' title='bbox 374 711 455 815; x_wconf 75' lang='lat' dir='ltr'><strong>ejus</strong></span> <span class='ocrx_word' id='word_1_5' title='bbox 475 727 578 789; x_wconf 87' lang='lat' dir='ltr'><strong>notas</strong></span> <span class='ocrx_word' id='word_1_6' title='bbox 599 712 755 814; x_wconf 85' lang='lat' dir='ltr'><strong>adjectas</strong></span> <span class='ocrx_word' id='word_1_7' title='bbox 776 711 878 812; x_wconf 89' lang='lat' dir='ltr'><strong>operi</strong></span> <span class='ocrx_word' id='word_1_8' title='bbox 903 713 1077 796; x_wconf 75' lang='lat' dir='ltr'><strong>Lecaeri,</strong></span> <span class='ocrx_word' id='word_1_9' title='bbox 1102 709 1162 784; x_wconf 87' lang='lat' dir='ltr'><strong>cui</strong></span> <span class='ocrx_word' id='word_1_10' title='bbox 1182 710 1326 783; x_wconf 87' lang='lat' dir='ltr'><strong>titulus:</strong></span> <span class='ocrx_word' id='word_1_11' title='bbox 1358 709 1559 810; x_wconf 69' lang='lat' dir='ltr'><strong>Ure&#39;ologie</strong></span> <span class='ocrx_word' id='word_1_12' title='bbox 1581 709 1652 786; x_wconf 75' lang='lat' dir='ltr'><strong>des</strong></span> <span class='ocrx_word' id='word_1_13' title='bbox 1672 713 1745 786; x_wconf 81' lang='lat' dir='ltr'><strong>In-</strong></span> 
     </span>
     <span class='ocr_line' id='line_1_3' title="bbox 237 832 1746 937; baseline -0.001 -25"><span class='ocrx_word' id='word_1_14' title='bbox 237 840 379 925; x_wconf 68' lang='lat' dir='ltr'><strong>secter,</strong></span> <span class='ocrx_word' id='word_1_15' title='bbox 394 837 427 936; x_wconf 90' lang='lat'><strong>),</strong></span> <span class='ocrx_word' id='word_1_16' title='bbox 451 836 496 910; x_wconf 94' lang='lat' dir='ltr'><strong>ab</strong></span> <span class='ocrx_word' id='word_1_17' title='bbox 512 861 691 937; x_wconf 84' lang='lat' dir='ltr'><strong>anonymo</strong></span> <span class='ocrx_word' id='word_1_18' title='bbox 711 833 887 935; x_wconf 83' lang='lat' dir='ltr'><strong>quodam,</strong></span> <span class='ocrx_word' id='word_1_19' title='bbox 911 833 1020 931; x_wconf 86' lang='lat' dir='ltr'><strong>(vide</strong></span> <span class='ocrx_word' id='word_1_20' title='bbox 1034 846 1100 905; x_wconf 89' lang='lat' dir='ltr'><strong>art.</strong></span> <span class='ocrx_word' id='word_1_21' title='bbox 1123 832 1319 919; x_wconf 80' lang='lat' dir='ltr'><strong>Lombric,</strong></span> <span class='ocrx_word' id='word_1_22' title='bbox 1346 832 1385 904; x_wconf 92' lang='lat' dir='ltr'><strong>in</strong></span> <span class='ocrx_word' id='word_1_23' title='bbox 1402 859 1460 933; x_wconf 89' lang='lat' dir='ltr'><strong>op.</strong></span> <span class='ocrx_word' id='word_1_24' title='bbox 1477 835 1746 912; x_wconf 82' lang='lat' dir='ltr'><strong>Dictionnaire</strong></span> 
     </span>
     <span class='ocr_line' id='line_1_4' title="bbox 237 955 1744 1057; baseline -0.003 -21"><span class='ocrx_word' id='word_1_25' title='bbox 237 964 417 1036; x_wconf 66' lang='lat' dir='ltr'><strong>misonne‘</strong></span> <span class='ocrx_word' id='word_1_26' title='bbox 427 975 466 1034; x_wconf 84' lang='lat' dir='ltr'><strong>et</strong></span> <span class='ocrx_word' id='word_1_27' title='bbox 477 962 668 1033; x_wconf 70' lang='lat' dir='ltr'><strong>universe!</strong></span> <span class='ocrx_word' id='word_1_28' title='bbox 677 960 742 1032; x_wconf 79' lang='lat' dir='ltr'><strong>des</strong></span> <span class='ocrx_word' id='word_1_29' title='bbox 755 960 939 1031; x_wconf 82' lang='lat' dir='ltr'><strong>animaux</strong></span> <span class='ocrx_word' id='word_1_30' title='bbox 946 983 1048 1053; x_wconf 84' lang='lat' dir='ltr'><strong>,par</strong></span> <span class='ocrx_word' id='word_1_31' title='bbox 1058 957 1119 1030; x_wconf 88' lang='lat' dir='ltr'><strong>M.</strong></span> <span class='ocrx_word' id='word_1_32' title='bbox 1134 956 1189 1027; x_wconf 91' lang='lat' dir='ltr'><strong>D.</strong></span> <span class='ocrx_word' id='word_1_33' title='bbox 1203 955 1249 1027; x_wconf 88' lang='lat' dir='ltr'><strong>L.</strong></span> <span class='ocrx_word' id='word_1_34' title='bbox 1269 955 1315 1028; x_wconf 85' lang='lat' dir='ltr'><strong>C.-</strong></span> <span class='ocrx_word' id='word_1_35' title='bbox 1326 956 1379 1027; x_wconf 92' lang='lat' dir='ltr'><strong>D.</strong></span> <span class='ocrx_word' id='word_1_36' title='bbox 1395 957 1445 1027; x_wconf 89' lang='lat' dir='ltr'><strong>B.</strong></span> <span class='ocrx_word' id='word_1_37' title='bbox 1458 955 1597 1043; x_wconf 78' lang='lat' dir='ltr'><strong>Paria,</strong></span> <span class='ocrx_word' id='word_1_38' title='bbox 1611 958 1744 1057; x_wconf 76' lang='lat'>1759),</span> 
     </span>
     <span class='ocr_line' id='line_1_5' title="bbox 237 1076 1746 1183; baseline -0.005 -24"><span class='ocrx_word' id='word_1_39' title='bbox 237 1085 381 1159; x_wconf 82' lang='lat' dir='ltr'><strong>etiama</strong></span> <span class='ocrx_word' id='word_1_40' title='bbox 398 1083 565 1183; x_wconf 86' lang='lat' dir='ltr'>plurimis</span> <span class='ocrx_word' id='word_1_41' title='bbox 578 1080 655 1154; x_wconf 90' lang='lat' dir='ltr'><strong>aliis</strong></span> <span class='ocrx_word' id='word_1_42' title='bbox 673 1093 710 1153; x_wconf 91' lang='lat' dir='ltr'><strong>et</strong></span> <span class='ocrx_word' id='word_1_43' title='bbox 722 1082 817 1152; x_wconf 91' lang='lat' dir='ltr'><strong>inter</strong></span> <span class='ocrx_word' id='word_1_44' title='bbox 833 1079 941 1152; x_wconf 88' lang='lat' dir='ltr'><strong>illosa</strong></span> <span class='ocrx_word' id='word_1_45' title='bbox 955 1078 1030 1152; x_wconf 88' lang='lat' dir='ltr'><strong>Cel.</strong></span> <span class='ocrx_word' id='word_1_46' title='bbox 1055 1079 1210 1164; x_wconf 84' lang='lat' dir='ltr'><strong>Cuvier,</strong></span> <span class='ocrx_word' id='word_1_47' title='bbox 1225 1077 1390 1175; x_wconf 75' lang='lat' dir='ltr'><strong>(Lepons</strong></span> <span class='ocrx_word' id='word_1_48' title='bbox 1403 1076 1633 1173; x_wconf 81' lang='lat' dir='ltr'><strong>d’unatomie</strong></span> <span class='ocrx_word' id='word_1_49' title='bbox 1643 1106 1746 1152; x_wconf 88' lang='lat' dir='ltr'><strong>oom-</strong></span> 
     </span>
     <span class='ocr_line' id='line_1_6' title="bbox 229 1202 844 1303; baseline -0.011 -22"><span class='ocrx_word' id='word_1_50' title='bbox 229 1211 372 1303; x_wconf 73' lang='lat' dir='ltr'><strong>parde,</strong></span> <span class='ocrx_word' id='word_1_51' title='bbox 397 1218 485 1278; x_wconf 88' lang='lat' dir='ltr'><strong>tom.</strong></span> <span class='ocrx_word' id='word_1_52' title='bbox 509 1204 546 1277; x_wconf 92' lang='lat' dir='ltr'><strong>I.</strong></span> <span class='ocrx_word' id='word_1_53' title='bbox 565 1231 610 1301; x_wconf 86' lang='lat' dir='ltr'><strong>p.</strong></span> <span class='ocrx_word' id='word_1_54' title='bbox 636 1202 748 1299; x_wconf 74' lang='lat'><strong>463.)</strong></span> <span class='ocrx_word' id='word_1_55' title='bbox 775 1215 844 1275; x_wconf 86' lang='lat' dir='ltr'><strong>etc.</strong></span> 
     </span>
    </p>

    <p class='ocr_par' dir='ltr' id='par_1_3' title="bbox 237 1321 1746 1912">
     <span class='ocr_line' id='line_1_7' title="bbox 288 1321 1745 1422; baseline -0.003 -21"><span class='ocrx_word' id='word_1_56' title='bbox 288 1326 417 1419; x_wconf 89' lang='lat' dir='ltr'><strong>Quum</strong></span> <span class='ocrx_word' id='word_1_57' title='bbox 440 1328 480 1399; x_wconf 91' lang='lat' dir='ltr'><strong>in</strong></span> <span class='ocrx_word' id='word_1_58' title='bbox 501 1325 649 1401; x_wconf 87' lang='lat' dir='ltr'><strong>diversis</strong></span> <span class='ocrx_word' id='word_1_59' title='bbox 670 1323 827 1398; x_wconf 86' lang='lat' dir='ltr'><strong>motibus</strong></span> <span class='ocrx_word' id='word_1_60' title='bbox 848 1323 1137 1422; x_wconf 80' lang='lat' dir='ltr'><strong>progressionum</strong></span> <span class='ocrx_word' id='word_1_61' title='bbox 1153 1321 1321 1420; x_wconf 87' lang='lat' dir='ltr'><strong>plurimae</strong></span> <span class='ocrx_word' id='word_1_62' title='bbox 1343 1323 1479 1419; x_wconf 87' lang='lat' dir='ltr'><strong>species</strong></span> <span class='ocrx_word' id='word_1_63' title='bbox 1494 1321 1745 1398; x_wconf 87' lang='lat' dir='ltr'><strong>musculorum</strong></span> 
     </span>
     <span class='ocr_line' id='line_1_8' title="bbox 237 1442 1744 1548; baseline -0.004 -25"><span class='ocrx_word' id='word_1_64' title='bbox 237 1447 349 1523; x_wconf 88' lang='lat' dir='ltr'><strong>simul</strong></span> <span class='ocrx_word' id='word_1_65' title='bbox 372 1461 506 1548; x_wconf 87' lang='lat' dir='ltr'><strong>agunt,</strong></span> <span class='ocrx_word' id='word_1_66' title='bbox 528 1447 746 1548; x_wconf 89' lang='lat' dir='ltr'><strong>impossibile</strong></span> <span class='ocrx_word' id='word_1_67' title='bbox 768 1461 821 1520; x_wconf 93' lang='lat' dir='ltr'><strong>est</strong></span> <span class='ocrx_word' id='word_1_68' title='bbox 842 1472 959 1520; x_wconf 90' lang='lat' dir='ltr'><strong>unum</strong></span> <span class='ocrx_word' id='word_1_69' title='bbox 982 1469 1027 1518; x_wconf 82' lang='lat' dir='ltr'><strong>ex</strong></span> <span class='ocrx_word' id='word_1_70' title='bbox 1051 1444 1121 1516; x_wconf 90' lang='lat' dir='ltr'><strong>illis</strong></span> <span class='ocrx_word' id='word_1_71' title='bbox 1147 1442 1303 1516; x_wconf 86' lang='lat' dir='ltr'><strong>motibus</strong></span> <span class='ocrx_word' id='word_1_72' title='bbox 1325 1443 1514 1518; x_wconf 86' lang='lat' dir='ltr'><strong>observare</strong></span> <span class='ocrx_word' id='word_1_73' title='bbox 1539 1446 1608 1517; x_wconf 87' lang='lat' dir='ltr'><strong>nisi</strong></span> <span class='ocrx_word' id='word_1_74' title='bbox 1634 1449 1744 1518; x_wconf 89' lang='lat' dir='ltr'><strong>etiam</strong></span> 
     </span>
     <span class='ocr_line' id='line_1_9' title="bbox 239 1564 1745 1669; baseline -0.005 -24"><span class='ocrx_word' id='word_1_75' title='bbox 239 1568 358 1645; x_wconf 74' lang='lat' dir='ltr'><strong>dicem</strong></span> <span class='ocrx_word' id='word_1_76' title='bbox 376 1568 557 1669; x_wconf 88' lang='lat' dir='ltr'><strong>quomodo</strong></span> <span class='ocrx_word' id='word_1_77' title='bbox 580 1569 707 1643; x_wconf 87' lang='lat' dir='ltr'><strong>eodem</strong></span> <span class='ocrx_word' id='word_1_78' title='bbox 731 1582 895 1667; x_wconf 86' lang='lat' dir='ltr'><strong>tempore</strong></span> <span class='ocrx_word' id='word_1_79' title='bbox 916 1581 1024 1666; x_wconf 90' lang='lat' dir='ltr'><strong>agant</strong></span> <span class='ocrx_word' id='word_1_80' title='bbox 1041 1567 1164 1641; x_wconf 89' lang='lat' dir='ltr'><strong>ceteri.</strong></span> <span class='ocrx_word' id='word_1_81' title='bbox 1191 1564 1245 1637; x_wconf 90' lang='lat' dir='ltr'><strong>Ut</strong></span> <span class='ocrx_word' id='word_1_82' title='bbox 1263 1565 1404 1638; x_wconf 87' lang='lat' dir='ltr'><strong>meliori</strong></span> <span class='ocrx_word' id='word_1_83' title='bbox 1426 1565 1551 1639; x_wconf 79' lang='lat' dir='ltr'>ordine</span> <span class='ocrx_word' id='word_1_84' title='bbox 1567 1564 1745 1665; x_wconf 82' lang='lat' dir='ltr'><strong>proceda-</strong></span> 
     </span>
     <span class='ocr_line' id='line_1_10' title="bbox 240 1687 1746 1788; baseline -0.002 -24"><span class='ocrx_word' id='word_1_85' title='bbox 240 1716 339 1783; x_wconf 83' lang='lat' dir='ltr'><strong>mus,</strong></span> <span class='ocrx_word' id='word_1_86' title='bbox 368 1689 600 1763; x_wconf 85' lang='lat' dir='ltr'>transibimus</span> <span class='ocrx_word' id='word_1_87' title='bbox 629 1717 650 1762; x_wconf 88' lang='lat' dir='ltr'><strong>a</strong></span> <span class='ocrx_word' id='word_1_88' title='bbox 676 1689 849 1763; x_wconf 89' lang='lat' dir='ltr'><strong>musculis</strong></span> <span class='ocrx_word' id='word_1_89' title='bbox 882 1689 1032 1761; x_wconf 78' lang='lat' dir='ltr'><strong>effectos</strong></span> <span class='ocrx_word' id='word_1_90' title='bbox 1061 1688 1287 1788; x_wconf 87' lang='lat' dir='ltr'><strong>simplicioris</strong></span> <span class='ocrx_word' id='word_1_91' title='bbox 1314 1687 1359 1761; x_wconf 83' lang='lat' dir='ltr'><strong>ad</strong></span> <span class='ocrx_word' id='word_1_92' title='bbox 1386 1688 1570 1762; x_wconf 89' lang='lat' dir='ltr'><strong>musculos</strong></span> <span class='ocrx_word' id='word_1_93' title='bbox 1592 1688 1746 1761; x_wconf 82' lang='lat' dir='ltr'><strong>effectds</strong></span> 
     </span>
     <span class='ocr_line' id='line_1_11' title="bbox 240 1811 888 1912; baseline -0.008 -26"><span class='ocrx_word' id='word_1_94' title='bbox 240 1811 472 1912; x_wconf 81' lang='lat' dir='ltr'><strong>generalioris</strong></span> <span class='ocrx_word' id='word_1_95' title='bbox 492 1824 530 1884; x_wconf 91' lang='lat' dir='ltr'><strong>et</strong></span> <span class='ocrx_word' id='word_1_96' title='bbox 554 1812 666 1911; x_wconf 85' lang='lat' dir='ltr'><strong>magis</strong></span> <span class='ocrx_word' id='word_1_97' title='bbox 688 1811 888 1909; x_wconf 74' lang='lat' dir='ltr'><strong>compositi.</strong></span> 
     </span>
    </p>
   </div>
   <div class='ocr_carea' id='block_1_3' title="bbox 340 1976 1643 2074">
    <p class='ocr_par' dir='ltr' id='par_1_4' title="bbox 340 1976 1643 2074">
     <span class='ocr_line' id='line_1_12' title="bbox 340 1976 1643 2074; baseline -0.003 -22"><span class='ocrx_word' id='word_1_98' title='bbox 340 1982 395 2052; x_wconf 77' lang='lat'><strong>1⁰.</strong></span> <span class='ocrx_word' id='word_1_99' title='bbox 433 1980 568 2052; x_wconf 83' lang='lat' dir='ltr'><strong>Motus</strong></span> <span class='ocrx_word' id='word_1_100' title='bbox 596 1980 850 2052; x_wconf 80' lang='lat' dir='ltr'><strong>musculorum</strong></span> <span class='ocrx_word' id='word_1_101' title='bbox 877 1976 1102 2049; x_wconf 77' lang='lat' dir='ltr'><strong>annulorum</strong></span> <span class='ocrx_word' id='word_1_102' title='bbox 1125 1979 1438 2051; x_wconf 80' lang='lat' dir='ltr'><strong>transversalium</strong></span> <span class='ocrx_word' id='word_1_103' title='bbox 1465 1977 1643 2074; x_wconf 82' lang='lat' dir='ltr'><strong>corporir.</strong></span> 
     </span>
    </p>
   </div>
   <div class='ocr_carea' id='block_1_4' title="bbox 286 2119 1973 2224">
    <p class='ocr_par' dir='ltr' id='par_1_5' title="bbox 286 2119 1973 2224">
     <span class='ocr_line' id='line_1_13' title="bbox 286 2119 1973 2224; baseline 0.001 -27"><span class='ocrx_word' id='word_1_104' title='bbox 286 2121 336 2197; x_wconf 89' lang='lat' dir='ltr'><strong>Hi</strong></span> <span class='ocrx_word' id='word_1_105' title='bbox 356 2121 515 2196; x_wconf 89' lang='lat' dir='ltr'><strong>musculi</strong></span> <span class='ocrx_word' id='word_1_106' title='bbox 534 2147 659 2196; x_wconf 92' lang='lat' dir='ltr'><strong>omnes</strong></span> <span class='ocrx_word' id='word_1_107' title='bbox 681 2121 807 2195; x_wconf 89' lang='lat' dir='ltr'><strong>eodem</strong></span> <span class='ocrx_word' id='word_1_108' title='bbox 831 2119 937 2194; x_wconf 91' lang='lat' dir='ltr'><strong>modo</strong></span> <span class='ocrx_word' id='word_1_109' title='bbox 963 2147 1005 2192; x_wconf 94' lang='lat' dir='ltr'><strong>ac</strong></span> <span class='ocrx_word' id='word_1_110' title='bbox 1023 2120 1247 2219; x_wconf 87' lang='lat' dir='ltr'><strong>sphincteres</strong></span> <span class='ocrx_word' id='word_1_111' title='bbox 1269 2136 1402 2224; x_wconf 89' lang='lat' dir='ltr'><strong>agunt:</strong></span> <span class='ocrx_word' id='word_1_112' title='bbox 1432 2135 1574 2224; x_wconf 83' lang='lat' dir='ltr'><strong>augent·</strong></span> <span class='ocrx_word' id='word_1_113' title='bbox 1590 2132 1655 2196; x_wconf 86' lang='lat' dir='ltr'><strong>ant</strong></span> <span class='ocrx_word' id='word_1_114' title='bbox 1671 2121 1745 2194; x_wconf 89' lang='lat' dir='ltr'><strong>mi·</strong></span> <span class='ocrx_word' id='word_1_115' title='bbox 1762 2142 1973 2200; x_wconf 71' lang='lat' dir='ltr'><strong>Moruamuucu-</strong></span> 
     </span>
    </p>
   </div>
   <div class='ocr_carea' id='block_1_5' title="bbox 238 2211 1974 2345">
    <p class='ocr_par' dir='ltr' id='par_1_6' title="bbox 238 2211 1974 2345">
     <span class='ocr_line' id='line_1_14' title="bbox 238 2211 1974 2345; baseline 0.003 -28"><span class='ocrx_word' id='word_1_116' title='bbox 238 2255 363 2319; x_wconf 88' lang='lat' dir='ltr'><strong>nuunt</strong></span> <span class='ocrx_word' id='word_1_117' title='bbox 393 2243 610 2317; x_wconf 74' lang='lat' dir='ltr'><strong>diametrum</strong></span> <span class='ocrx_word' id='word_1_118' title='bbox 646 2246 813 2342; x_wconf 89' lang='lat' dir='ltr'><strong>corporis.</strong></span> <span class='ocrx_word' id='word_1_119' title='bbox 844 2244 971 2334; x_wconf 87' lang='lat' dir='ltr'><strong>Quum</strong></span> <span class='ocrx_word' id='word_1_120' title='bbox 995 2243 1093 2318; x_wconf 87' lang='lat' dir='ltr'><strong>fibrae</strong></span> <span class='ocrx_word' id='word_1_121' title='bbox 1123 2246 1201 2343; x_wconf 82' lang='lat' dir='ltr'><strong>ejus</strong></span> <span class='ocrx_word' id='word_1_122' title='bbox 1226 2246 1478 2320; x_wconf 86' lang='lat' dir='ltr'><strong>transversales</strong></span> <span class='ocrx_word' id='word_1_123' title='bbox 1506 2245 1746 2345; x_wconf 85' lang='lat' dir='ltr'><strong>parallelismo</strong></span> <span class='ocrx_word' id='word_1_124' title='bbox 1762 2211 1865 2335; x_wconf 40' lang='lat' dir='ltr'><strong>iiii&amp;</strong></span> <span class='ocrx_word' id='word_1_125' title='bbox 1884 2231 1974 2336; x_wconf 53' lang='lat' dir='ltr'><strong>iffi.</strong></span> 
     </span>
    </p>
   </div>
   <div class='ocr_carea' id='block_1_6' title="bbox 1761 2349 1973 2489">
    <p class='ocr_par' dir='ltr' id='par_1_7' title="bbox 1761 2349 1973 2489">
     <span class='ocr_line' id='line_1_15' title="bbox 1761 2349 1973 2429; baseline 0.005 -25"><span class='ocrx_word' id='word_1_126' title='bbox 1761 2349 1908 2429; x_wconf 63' lang='lat' dir='ltr'><strong>sersalium</strong></span> <span class='ocrx_word' id='word_1_127' title='bbox 1915 2367 1973 2405; x_wconf 88' lang='lat' dir='ltr'><strong>cor·</strong></span> 
     </span>
     <span class='ocr_line' id='line_1_16' title="bbox 1761 2434 1846 2489; baseline 0.012 -16"><span class='ocrx_word' id='word_1_128' title='bbox 1761 2434 1846 2489; x_wconf 71' lang='lat' dir='ltr'><strong>porro.</strong></span> 
     </span>
    </p>
   </div>
   <div class='ocr_carea' id='block_1_7' title="bbox 230 2363 1750 4413">
    <p class='ocr_par' dir='ltr' id='par_1_8' title="bbox 239 2363 1748 2951">
     <span class='ocr_line' id='line_1_17' title="bbox 239 2363 1746 2468; baseline 0.001 -29"><span class='ocrx_word' id='word_1_129' title='bbox 239 2363 490 2440; x_wconf 85' lang='lat' dir='ltr'><strong>destituuntur</strong></span> <span class='ocrx_word' id='word_1_130' title='bbox 515 2378 552 2438; x_wconf 87' lang='lat' dir='ltr'><strong>et</strong></span> <span class='ocrx_word' id='word_1_131' title='bbox 574 2368 612 2437; x_wconf 91' lang='lat' dir='ltr'><strong>in</strong></span> <span class='ocrx_word' id='word_1_132' title='bbox 635 2368 780 2464; x_wconf 85' lang='lat' dir='ltr'><strong>zigzag</strong></span> <span class='ocrx_word' id='word_1_133' title='bbox 807 2380 1114 2465; x_wconf 80' lang='lat' dir='ltr'><strong>contorquentur,</strong></span> <span class='ocrx_word' id='word_1_134' title='bbox 1138 2368 1325 2441; x_wconf 86' lang='lat' dir='ltr'><strong>musculus</strong></span> <span class='ocrx_word' id='word_1_135' title='bbox 1348 2369 1386 2440; x_wconf 92' lang='lat' dir='ltr'><strong>in</strong></span> <span class='ocrx_word' id='word_1_136' title='bbox 1410 2393 1448 2440; x_wconf 90' lang='lat' dir='ltr'><strong>se</strong></span> <span class='ocrx_word' id='word_1_137' title='bbox 1470 2370 1591 2468; x_wconf 91' lang='lat' dir='ltr'><strong>ipsum</strong></span> <span class='ocrx_word' id='word_1_138' title='bbox 1614 2368 1746 2467; x_wconf 86' lang='lat' dir='ltr'><strong>agitet</strong></span> 
     </span>
     <span class='ocr_line' id='line_1_18' title="bbox 240 2485 1745 2587; baseline 0.002 -27"><span class='ocrx_word' id='word_1_139' title='bbox 240 2485 369 2561; x_wconf 80' lang='lat' dir='ltr'><strong>annuli</strong></span> <span class='ocrx_word' id='word_1_140' title='bbox 384 2512 496 2586; x_wconf 89' lang='lat' dir='ltr'><strong>quern</strong></span> <span class='ocrx_word' id='word_1_141' title='bbox 514 2487 680 2560; x_wconf 79' lang='lat' dir='ltr'><strong>efformet</strong></span> <span class='ocrx_word' id='word_1_142' title='bbox 696 2501 864 2586; x_wconf 85' lang='lat' dir='ltr'><strong>apertura</strong></span> <span class='ocrx_word' id='word_1_143' title='bbox 883 2491 1001 2560; x_wconf 92' lang='lat' dir='ltr'><strong>minor</strong></span> <span class='ocrx_word' id='word_1_144' title='bbox 1021 2488 1152 2563; x_wconf 85' lang='lat' dir='ltr'><strong>evadit.</strong></span> <span class='ocrx_word' id='word_1_145' title='bbox 1173 2488 1241 2561; x_wconf 91' lang='lat' dir='ltr'><strong>Sed</strong></span> <span class='ocrx_word' id='word_1_146' title='bbox 1254 2514 1368 2587; x_wconf 91' lang='lat' dir='ltr'><strong>quum</strong></span> <span class='ocrx_word' id='word_1_147' title='bbox 1383 2488 1481 2563; x_wconf 80' lang='lat' dir='ltr'><strong>fibrae</strong></span> <span class='ocrx_word' id='word_1_148' title='bbox 1499 2489 1620 2561; x_wconf 89' lang='lat' dir='ltr'><strong>denuo</strong></span> <span class='ocrx_word' id='word_1_149' title='bbox 1635 2515 1745 2563; x_wconf 88' lang='lat' dir='ltr'><strong>suum</strong></span> 
     </span>
     <span class='ocr_line' id='line_1_19' title="bbox 239 2606 1748 2709; baseline 0.003 -29"><span class='ocrx_word' id='word_1_150' title='bbox 239 2606 522 2707; x_wconf 74' lang='lat' dir='ltr'><strong>parallelismum</strong></span> <span class='ocrx_word' id='word_1_151' title='bbox 539 2607 719 2700; x_wconf 88' lang='lat' dir='ltr'><strong>induunt,</strong></span> <span class='ocrx_word' id='word_1_152' title='bbox 743 2607 930 2681; x_wconf 90' lang='lat' dir='ltr'><strong>musculus</strong></span> <span class='ocrx_word' id='word_1_153' title='bbox 952 2609 1129 2683; x_wconf 91' lang='lat' dir='ltr'><strong>diametro</strong></span> <span class='ocrx_word' id='word_1_154' title='bbox 1154 2610 1340 2702; x_wconf 86' lang='lat' dir='ltr'><strong>minuens,</strong></span> <span class='ocrx_word' id='word_1_155' title='bbox 1365 2635 1438 2680; x_wconf 92' lang='lat' dir='ltr'><strong>non</strong></span> <span class='ocrx_word' id='word_1_156' title='bbox 1456 2609 1611 2706; x_wconf 89' lang='lat' dir='ltr'><strong>amplius</strong></span> <span class='ocrx_word' id='word_1_157' title='bbox 1625 2622 1748 2709; x_wconf 74' lang='lat' dir='ltr'><strong>partes</strong></span> 
     </span>
     <span class='ocr_line' id='line_1_20' title="bbox 239 2726 1746 2831; baseline 0.003 -30"><span class='ocrx_word' id='word_1_158' title='bbox 239 2726 443 2831; x_wconf 78' lang='lat' dir='ltr'><strong>adjacentes</strong></span> <span class='ocrx_word' id='word_1_159' title='bbox 459 2730 678 2828; x_wconf 88' lang='lat' dir='ltr'><strong>comprimit.</strong></span> <span class='ocrx_word' id='word_1_160' title='bbox 696 2729 838 2801; x_wconf 83' lang='lat' dir='ltr'><strong>Exinde</strong></span> <span class='ocrx_word' id='word_1_161' title='bbox 850 2732 1006 2829; x_wconf 91' lang='lat' dir='ltr'><strong>corporis</strong></span> <span class='ocrx_word' id='word_1_162' title='bbox 1023 2732 1291 2804; x_wconf 88' lang='lat' dir='ltr'><strong>incrementum</strong></span> <span class='ocrx_word' id='word_1_163' title='bbox 1309 2731 1436 2804; x_wconf 91' lang='lat' dir='ltr'><strong>oritur.</strong></span> <span class='ocrx_word' id='word_1_164' title='bbox 1454 2729 1523 2802; x_wconf 92' lang='lat' dir='ltr'><strong>Hic</strong></span> <span class='ocrx_word' id='word_1_165' title='bbox 1543 2745 1662 2804; x_wconf 89' lang='lat' dir='ltr'><strong>motus</strong></span> <span class='ocrx_word' id='word_1_166' title='bbox 1673 2731 1746 2805; x_wconf 88' lang='lat' dir='ltr'><strong>mi·</strong></span> 
     </span>
     <span class='ocr_line' id='line_1_21' title="bbox 239 2850 1745 2951; baseline 0 -25"><span class='ocrx_word' id='word_1_167' title='bbox 239 2877 324 2926; x_wconf 86' lang='lat' dir='ltr'><strong>rum</strong></span> <span class='ocrx_word' id='word_1_168' title='bbox 338 2852 377 2923; x_wconf 93' lang='lat' dir='ltr'><strong>iu</strong></span> <span class='ocrx_word' id='word_1_169' title='bbox 389 2850 537 2925; x_wconf 90' lang='lat' dir='ltr'><strong>modum</strong></span> <span class='ocrx_word' id='word_1_170' title='bbox 549 2851 649 2923; x_wconf 81' lang='lat' dir='ltr'><strong>favet</strong></span> <span class='ocrx_word' id='word_1_171' title='bbox 662 2853 898 2949; x_wconf 89' lang='lat' dir='ltr'><strong>progressioni</strong></span> <span class='ocrx_word' id='word_1_172' title='bbox 910 2865 947 2923; x_wconf 91' lang='lat' dir='ltr'><strong>et</strong></span> <span class='ocrx_word' id='word_1_173' title='bbox 959 2877 1101 2951; x_wconf 88' lang='lat' dir='ltr'><strong>semper</strong></span> <span class='ocrx_word' id='word_1_174' title='bbox 1113 2850 1267 2925; x_wconf 88' lang='lat' dir='ltr'><strong>efficitur</strong></span> <span class='ocrx_word' id='word_1_175' title='bbox 1275 2878 1389 2951; x_wconf 88' lang='lat' dir='ltr'><strong>quum</strong></span> <span class='ocrx_word' id='word_1_176' title='bbox 1401 2853 1478 2925; x_wconf 86' lang='lat' dir='ltr'><strong>haec</strong></span> <span class='ocrx_word' id='word_1_177' title='bbox 1490 2851 1610 2926; x_wconf 91' lang='lat' dir='ltr'><strong>locum</strong></span> <span class='ocrx_word' id='word_1_178' title='bbox 1621 2851 1745 2926; x_wconf 82' lang='lat' dir='ltr'><strong>habet.</strong></span> 
     </span>
    </p>

    <p class='ocr_par' dir='ltr' id='par_1_9' title="bbox 230 2970 1750 4145">
     <span class='ocr_line' id='line_1_22' title="bbox 290 2970 1746 3072; baseline 0.001 -26"><span class='ocrx_word' id='word_1_179' title='bbox 290 2971 457 3072; x_wconf 89' lang='lat' dir='ltr'><strong>Quisque</strong></span> <span class='ocrx_word' id='word_1_180' title='bbox 478 2971 667 3046; x_wconf 91' lang='lat' dir='ltr'><strong>musculus</strong></span> <span class='ocrx_word' id='word_1_181' title='bbox 684 2971 868 3044; x_wconf 88' lang='lat' dir='ltr'><strong>annularis</strong></span> <span class='ocrx_word' id='word_1_182' title='bbox 889 2970 1132 3047; x_wconf 88' lang='lat' dir='ltr'><strong>transversalis</strong></span> <span class='ocrx_word' id='word_1_183' title='bbox 1149 2997 1367 3072; x_wconf 84' lang='lat' dir='ltr'><strong>congruens,</strong></span> <span class='ocrx_word' id='word_1_184' title='bbox 1388 2972 1602 3046; x_wconf 71' lang='lat' dir='ltr'><strong>iufra18mn</strong></span> <span class='ocrx_word' id='word_1_185' title='bbox 1623 2997 1746 3048; x_wconf 90' lang='lat' dir='ltr'><strong>annu-</strong></span> 
     </span>
     <span class='ocr_line' id='line_1_23' title="bbox 240 3091 1746 3195; baseline 0.002 -30"><span class='ocrx_word' id='word_1_186' title='bbox 240 3091 340 3187; x_wconf 87' lang='lat' dir='ltr'><strong>lum,</strong></span> <span class='ocrx_word' id='word_1_187' title='bbox 357 3118 442 3166; x_wconf 92' lang='lat' dir='ltr'><strong>cum</strong></span> <span class='ocrx_word' id='word_1_188' title='bbox 468 3093 739 3193; x_wconf 77' lang='lat' dir='ltr'><strong>diaphragmate</strong></span> <span class='ocrx_word' id='word_1_189' title='bbox 761 3093 888 3167; x_wconf 88' lang='lat' dir='ltr'><strong>annuli</strong></span> <span class='ocrx_word' id='word_1_190' title='bbox 907 3092 1012 3195; x_wconf 85' lang='lat' dir='ltr'><strong>cujus</strong></span> <span class='ocrx_word' id='word_1_191' title='bbox 1028 3108 1168 3195; x_wconf 89' lang='lat' dir='ltr'><strong>partem</strong></span> <span class='ocrx_word' id='word_1_192' title='bbox 1191 3096 1267 3194; x_wconf 88' lang='lat' dir='ltr'><strong>ipse</strong></span> <span class='ocrx_word' id='word_1_193' title='bbox 1293 3097 1496 3187; x_wconf 83' lang='lat' dir='ltr'><strong>constituit,</strong></span> <span class='ocrx_word' id='word_1_194' title='bbox 1518 3096 1593 3194; x_wconf 84' lang='lat' dir='ltr'><strong>agit</strong></span> <span class='ocrx_word' id='word_1_195' title='bbox 1614 3096 1746 3171; x_wconf 86' lang='lat' dir='ltr'><strong>sivein</strong></span> 
     </span>
     <span class='ocr_line' id='line_1_24' title="bbox 237 3215 1745 3317; baseline 0.001 -29"><span class='ocrx_word' id='word_1_196' title='bbox 237 3215 304 3288; x_wconf 74' lang='lat' dir='ltr'><strong>sut</strong></span> <span class='ocrx_word' id='word_1_197' title='bbox 324 3215 586 3303; x_wconf 91' lang='lat' dir='ltr'><strong>contractione,</strong></span> <span class='ocrx_word' id='word_1_198' title='bbox 608 3215 738 3287; x_wconf 86' lang='lat' dir='ltr'><strong>sivein</strong></span> <span class='ocrx_word' id='word_1_199' title='bbox 756 3240 840 3288; x_wconf 88' lang='lat' dir='ltr'><strong>casu</strong></span> <span class='ocrx_word' id='word_1_200' title='bbox 862 3216 1041 3287; x_wconf 86' lang='lat' dir='ltr'><strong>contrario</strong></span> <span class='ocrx_word' id='word_1_201' title='bbox 1057 3217 1097 3288; x_wconf 91' lang='lat' dir='ltr'><strong>in</strong></span> <span class='ocrx_word' id='word_1_202' title='bbox 1116 3215 1351 3317; x_wconf 83' lang='lat' dir='ltr'><strong>diaphragma</strong></span> <span class='ocrx_word' id='word_1_203' title='bbox 1366 3216 1495 3309; x_wconf 87' lang='lat' dir='ltr'><strong>hocce,</strong></span> <span class='ocrx_word' id='word_1_204' title='bbox 1511 3218 1635 3315; x_wconf 88' lang='lat' dir='ltr'><strong>sicque</strong></span> <span class='ocrx_word' id='word_1_205' title='bbox 1662 3243 1745 3290; x_wconf 87' lang='lat' dir='ltr'><strong>ma-</strong></span> 
     </span>
     <span class='ocr_line' id='line_1_25' title="bbox 239 3335 1745 3441; baseline 0.005 -33"><span class='ocrx_word' id='word_1_206' title='bbox 239 3335 354 3439; x_wconf 73' lang='lat' dir='ltr'><strong>jorem</strong></span> <span class='ocrx_word' id='word_1_207' title='bbox 364 3349 429 3409; x_wconf 88' lang='lat' dir='ltr'><strong>ant</strong></span> <span class='ocrx_word' id='word_1_208' title='bbox 439 3338 617 3408; x_wconf 88' lang='lat' dir='ltr'><strong>minorem</strong></span> <span class='ocrx_word' id='word_1_209' title='bbox 632 3337 704 3411; x_wconf 80' lang='lat' dir='ltr'><strong>vim</strong></span> <span class='ocrx_word' id='word_1_210' title='bbox 719 3349 863 3409; x_wconf 81' lang='lat' dir='ltr'><strong>exercet</strong></span> <span class='ocrx_word' id='word_1_211' title='bbox 875 3339 912 3409; x_wconf 92' lang='lat' dir='ltr'><strong>iu</strong></span> <span class='ocrx_word' id='word_1_212' title='bbox 925 3364 1056 3438; x_wconf 87' lang='lat' dir='ltr'><strong>organa</strong></span> <span class='ocrx_word' id='word_1_213' title='bbox 1072 3338 1242 3413; x_wconf 89' lang='lat' dir='ltr'><strong>interiora</strong></span> <span class='ocrx_word' id='word_1_214' title='bbox 1255 3353 1292 3413; x_wconf 86' lang='lat' dir='ltr'><strong>et</strong></span> <span class='ocrx_word' id='word_1_215' title='bbox 1304 3342 1499 3441; x_wconf 78' lang='lat' dir='ltr'><strong>pracsertim</strong></span> <span class='ocrx_word' id='word_1_216' title='bbox 1516 3342 1555 3414; x_wconf 91' lang='lat' dir='ltr'><strong>in</strong></span> <span class='ocrx_word' id='word_1_217' title='bbox 1567 3366 1745 3441; x_wconf 88' lang='lat' dir='ltr'><strong>magnum</strong></span> 
     </span>
     <span class='ocr_line' id='line_1_26' title="bbox 240 3460 1750 3562; baseline 0.003 -30"><span class='ocrx_word' id='word_1_218' title='bbox 240 3461 468 3532; x_wconf 89' lang='lat' dir='ltr'><strong>intestinum.</strong></span> <span class='ocrx_word' id='word_1_219' title='bbox 516 3460 757 3531; x_wconf 70' lang='lat' dir='ltr'><strong>Excrementa</strong></span> <span class='ocrx_word' id='word_1_220' title='bbox 784 3485 866 3558; x_wconf 90' lang='lat' dir='ltr'><strong>quae</strong></span> <span class='ocrx_word' id='word_1_221' title='bbox 896 3460 965 3532; x_wconf 89' lang='lat' dir='ltr'><strong>hoc</strong></span> <span class='ocrx_word' id='word_1_222' title='bbox 999 3463 1234 3535; x_wconf 84' lang='lat' dir='ltr'><strong>continentur</strong></span> <span class='ocrx_word' id='word_1_223' title='bbox 1259 3475 1455 3536; x_wconf 86' lang='lat' dir='ltr'><strong>retrorsum</strong></span> <span class='ocrx_word' id='word_1_224' title='bbox 1488 3461 1750 3562; x_wconf 89' lang='lat' dir='ltr'><strong>propelluntur</strong></span> 
     </span>
     <span class='ocr_line' id='line_1_27' title="bbox 241 3580 1749 3681; baseline 0.002 -28"><span class='ocrx_word' id='word_1_225' title='bbox 241 3604 358 3681; x_wconf 85' lang='lat' dir='ltr'><strong>quum</strong></span> <span class='ocrx_word' id='word_1_226' title='bbox 382 3581 538 3654; x_wconf 89' lang='lat' dir='ltr'><strong>musculi</strong></span> <span class='ocrx_word' id='word_1_227' title='bbox 567 3581 761 3655; x_wconf 86' lang='lat' dir='ltr'><strong>annulares</strong></span> <span class='ocrx_word' id='word_1_228' title='bbox 782 3580 1034 3656; x_wconf 86' lang='lat' dir='ltr'><strong>transversales</strong></span> <span class='ocrx_word' id='word_1_229' title='bbox 1057 3606 1134 3655; x_wconf 76' lang='lat' dir='ltr'><strong>sese</strong></span> <span class='ocrx_word' id='word_1_230' title='bbox 1157 3581 1379 3656; x_wconf 83' lang='lat' dir='ltr'><strong>contrahunt</strong></span> <span class='ocrx_word' id='word_1_231' title='bbox 1404 3583 1444 3655; x_wconf 91' lang='lat' dir='ltr'><strong>in</strong></span> <span class='ocrx_word' id='word_1_232' title='bbox 1472 3582 1597 3656; x_wconf 72' lang='lat' dir='ltr'><strong>eidem</strong></span> <span class='ocrx_word' id='word_1_233' title='bbox 1625 3581 1749 3656; x_wconf 85' lang='lat' dir='ltr'><strong>direc-</strong></span> 
     </span>
     <span class='ocr_line' id='line_1_28' title="bbox 240 3701 1746 3804; baseline 0 -26"><span class='ocrx_word' id='word_1_234' title='bbox 240 3704 364 3796; x_wconf 79' lang='lat' dir='ltr'><strong>tione,</strong></span> <span class='ocrx_word' id='word_1_235' title='bbox 392 3705 479 3804; x_wconf 82' lang='lat' dir='ltr'><strong>quia</strong></span> <span class='ocrx_word' id='word_1_236' title='bbox 501 3704 563 3777; x_wconf 87' lang='lat' dir='ltr'><strong>tali</strong></span> <span class='ocrx_word' id='word_1_237' title='bbox 587 3705 694 3778; x_wconf 87' lang='lat' dir='ltr'><strong>modo</strong></span> <span class='ocrx_word' id='word_1_238' title='bbox 721 3708 913 3780; x_wconf 87' lang='lat' dir='ltr'><strong>cavitatem</strong></span> <span class='ocrx_word' id='word_1_239' title='bbox 936 3705 1180 3779; x_wconf 85' lang='lat' dir='ltr'><strong>intestinalem</strong></span> <span class='ocrx_word' id='word_1_240' title='bbox 1208 3701 1473 3804; x_wconf 83' lang='lat' dir='ltr'><strong>angustioribus</strong></span> <span class='ocrx_word' id='word_1_241' title='bbox 1499 3704 1746 3802; x_wconf 86' lang='lat' dir='ltr'><strong>comprimunt</strong></span> 
     </span>
     <span class='ocr_line' id='line_1_29' title="bbox 238 3823 1746 3925; baseline -0.002 -24"><span class='ocrx_word' id='word_1_242' title='bbox 238 3824 428 3901; x_wconf 78' lang='lat' dir='ltr'><strong>limitibus.</strong></span> <span class='ocrx_word' id='word_1_243' title='bbox 451 3826 577 3917; x_wconf 90' lang='lat' dir='ltr'><strong>Quum</strong></span> <span class='ocrx_word' id='word_1_244' title='bbox 598 3828 637 3899; x_wconf 91' lang='lat' dir='ltr'><strong>hi</strong></span> <span class='ocrx_word' id='word_1_245' title='bbox 654 3828 811 3902; x_wconf 88' lang='lat' dir='ltr'><strong>musculi</strong></span> <span class='ocrx_word' id='word_1_246' title='bbox 830 3830 869 3899; x_wconf 90' lang='lat' dir='ltr'><strong>in</strong></span> <span class='ocrx_word' id='word_1_247' title='bbox 886 3851 994 3899; x_wconf 88' lang='lat' dir='ltr'><strong>sensu</strong></span> <span class='ocrx_word' id='word_1_248' title='bbox 1010 3827 1193 3900; x_wconf 85' lang='lat' dir='ltr'><strong>contrario</strong></span> <span class='ocrx_word' id='word_1_249' title='bbox 1206 3838 1340 3925; x_wconf 87' lang='lat' dir='ltr'><strong>agunt,</strong></span> <span class='ocrx_word' id='word_1_250' title='bbox 1361 3823 1499 3897; x_wconf 87' lang='lat' dir='ltr'><strong>scilicet</strong></span> <span class='ocrx_word' id='word_1_251' title='bbox 1519 3850 1538 3897; x_wconf 90' lang='lat' dir='ltr'><strong>a</strong></span> <span class='ocrx_word' id='word_1_252' title='bbox 1556 3825 1746 3924; x_wconf 86' lang='lat' dir='ltr'><strong>posteriori</strong></span> 
     </span>
     <span class='ocr_line' id='line_1_30' title="bbox 230 3943 1749 4048; baseline 0.001 -32"><span class='ocrx_word' id='word_1_253' title='bbox 230 3946 286 4022; x_wconf 66' lang='lat' dir='ltr'><strong>ud</strong></span> <span class='ocrx_word' id='word_1_254' title='bbox 307 3949 526 4022; x_wconf 73' lang='lat' dir='ltr'><strong>anteriorem</strong></span> <span class='ocrx_word' id='word_1_255' title='bbox 547 3962 710 4048; x_wconf 85' lang='lat' dir='ltr'><strong>partem,</strong></span> <span class='ocrx_word' id='word_1_256' title='bbox 737 3963 774 4022; x_wconf 86' lang='lat' dir='ltr'><strong>et</strong></span> <span class='ocrx_word' id='word_1_257' title='bbox 795 3947 902 4022; x_wconf 90' lang='lat' dir='ltr'><strong>modo</strong></span> <span class='ocrx_word' id='word_1_258' title='bbox 921 3949 1144 4047; x_wconf 83' lang='lat' dir='ltr'><strong>progressivo</strong></span> <span class='ocrx_word' id='word_1_259' title='bbox 1166 3948 1242 4022; x_wconf 88' lang='lat' dir='ltr'><strong>sive</strong></span> <span class='ocrx_word' id='word_1_260' title='bbox 1266 3944 1312 4018; x_wconf 84' lang='lat' dir='ltr'><strong>ab</strong></span> <span class='ocrx_word' id='word_1_261' title='bbox 1333 3944 1478 4018; x_wconf 88' lang='lat' dir='ltr'><strong>annulis</strong></span> <span class='ocrx_word' id='word_1_262' title='bbox 1500 3944 1546 4018; x_wconf 87' lang='lat' dir='ltr'><strong>ad</strong></span> <span class='ocrx_word' id='word_1_263' title='bbox 1567 3943 1749 4038; x_wconf 59' lang='lat' dir='ltr'><strong>anuum,</strong></span> 
     </span>
     <span class='ocr_line' id='line_1_31' title="bbox 241 4066 1425 4145; baseline -0.004 0"><span class='ocrx_word' id='word_1_264' title='bbox 241 4066 415 4145; x_wconf 67' lang='lat' dir='ltr'><strong>diruente</strong></span> <span class='ocrx_word' id='word_1_265' title='bbox 434 4083 471 4143; x_wconf 87' lang='lat' dir='ltr'><strong>et</strong></span> <span class='ocrx_word' id='word_1_266' title='bbox 493 4084 723 4144; x_wconf 83' lang='lat' dir='ltr'><strong>excrementa</strong></span> <span class='ocrx_word' id='word_1_267' title='bbox 746 4072 785 4143; x_wconf 92' lang='lat' dir='ltr'><strong>in</strong></span> <span class='ocrx_word' id='word_1_268' title='bbox 808 4070 971 4143; x_wconf 88' lang='lat' dir='ltr'><strong>eamdem</strong></span> <span class='ocrx_word' id='word_1_269' title='bbox 997 4071 1188 4144; x_wconf 86' lang='lat' dir='ltr'><strong>cavitatem</strong></span> <span class='ocrx_word' id='word_1_270' title='bbox 1211 4067 1425 4142; x_wconf 85' lang='lat' dir='ltr'><strong>ascendunt.</strong></span> 
     </span>
    </p>

    <p class='ocr_par' dir='ltr' id='par_1_10' title="bbox 241 4172 1747 4413">
     <span class='ocr_line' id='line_1_32' title="bbox 289 4172 1747 4291; baseline -0.003 -27"><span class='ocrx_word' id='word_1_271' title='bbox 289 4190 338 4264; x_wconf 90' lang='lat' dir='ltr'><strong>Hi</strong></span> <span class='ocrx_word' id='word_1_272' title='bbox 358 4190 516 4264; x_wconf 88' lang='lat' dir='ltr'><strong>musculi</strong></span> <span class='ocrx_word' id='word_1_273' title='bbox 535 4217 581 4265; x_wconf 79' lang='lat' dir='ltr'><strong>ex</strong></span> <span class='ocrx_word' id='word_1_274' title='bbox 604 4217 647 4264; x_wconf 92' lang='lat' dir='ltr'><strong>eo</strong></span> <span class='ocrx_word' id='word_1_275' title='bbox 670 4195 751 4290; x_wconf 92' lang='lat' dir='ltr'><strong>ipso</strong></span> <span class='ocrx_word' id='word_1_276' title='bbox 768 4190 867 4291; x_wconf 91' lang='lat' dir='ltr'><strong>quod</strong></span> <span class='ocrx_word' id='word_1_277' title='bbox 885 4193 936 4263; x_wconf 87' lang='lat' dir='ltr'><strong>sic</strong></span> <span class='ocrx_word' id='word_1_278' title='bbox 958 4193 998 4263; x_wconf 87' lang='lat' dir='ltr'><strong>in</strong></span> <span class='ocrx_word' id='word_1_279' title='bbox 1019 4172 1160 4291; x_wconf 85' lang='lat' dir='ltr'><strong>organa.</strong></span> <span class='ocrx_word' id='word_1_280' title='bbox 1174 4191 1350 4264; x_wconf 84' lang='lat' dir='ltr'><strong>interiora·</strong></span> <span class='ocrx_word' id='word_1_281' title='bbox 1367 4202 1493 4289; x_wconf 77' lang='lat' dir='ltr'><strong>egunt,</strong></span> <span class='ocrx_word' id='word_1_282' title='bbox 1517 4187 1644 4266; x_wconf 71' lang='lat' dir='ltr'><strong>favent</strong></span> <span class='ocrx_word' id='word_1_283' title='bbox 1660 4185 1747 4261; x_wconf 69' lang='lat' dir='ltr'><strong>des-</strong></span> 
     </span>
     <span class='ocr_line' id='line_1_33' title="bbox 241 4313 1126 4413; baseline -0.002 -26"><span class='ocrx_word' id='word_1_284' title='bbox 241 4313 367 4387; x_wconf 76' lang='lat' dir='ltr'><strong>censui</strong></span> <span class='ocrx_word' id='word_1_285' title='bbox 388 4338 542 4390; x_wconf 76' lang='lat' dir='ltr'><strong>urorum</strong></span> <span class='ocrx_word' id='word_1_286' title='bbox 565 4314 608 4386; x_wconf 89' lang='lat' dir='ltr'><strong>in·</strong></span> <span class='ocrx_word' id='word_1_287' title='bbox 629 4316 903 4413; x_wconf 75' lang='lat' dir='ltr'><strong>receptaculum</strong></span> <span class='ocrx_word' id='word_1_288' title='bbox 925 4315 1126 4391; x_wconf 74' lang='lat' dir='ltr'><strong>oriferum.</strong></span> 
     </span>
    </p>
   </div>
   <div class='ocr_carea' id='block_1_8' title="bbox 491 4509 1973 4665">
    <p class='ocr_par' dir='ltr' id='par_1_11' title="bbox 491 4509 1973 4665">
     <span class='ocr_line' id='line_1_34' title="bbox 491 4509 1972 4665; baseline 0 -83"><span class='ocrx_word' id='word_1_289' title='bbox 491 4510 546 4582; x_wconf 83' lang='lat'><strong>2·.</strong></span> <span class='ocrx_word' id='word_1_290' title='bbox 581 4510 717 4584; x_wconf 78' lang='lat' dir='ltr'><strong>Motus</strong></span> <span class='ocrx_word' id='word_1_291' title='bbox 744 4513 999 4585; x_wconf 76' lang='lat' dir='ltr'><strong>musculorum</strong></span> <span class='ocrx_word' id='word_1_292' title='bbox 1020 4511 1265 4585; x_wconf 72' lang='lat' dir='ltr'><strong>cartularium</strong></span> <span class='ocrx_word' id='word_1_293' title='bbox 1292 4509 1560 4610; x_wconf 68' lang='lat' dir='ltr'><strong>obliquorum·</strong></span> <span class='ocrx_word' id='word_1_294' title='bbox 1760 4543 1972 4665; x_wconf 58' lang='lat' dir='ltr'><strong>ffl⁰¹¹¹⁸¹¹¹⁰⁸⁰¹¹²</strong></span> 
     </span>
     <span class='ocr_line' id='line_1_35' title="bbox 1791 4629 1973 4665; baseline -0.011 0"><span class='ocrx_word' id='word_1_295' title='bbox 1791 4629 1852 4665; x_wconf 81' lang='lat' dir='ltr'><strong>rum</strong></span> <span class='ocrx_word' id='word_1_296' title='bbox 1884 4629 1973 4664; x_wconf 68' lang='lat' dir='ltr'><strong>lituu·</strong></span> 
     </span>
    </p>
   </div>
   <div class='ocr_carea' id='block_1_9' title="bbox 293 4671 1969 4781">
    <p class='ocr_par' dir='ltr' id='par_1_12' title="bbox 293 4671 1969 4781">
     <span class='ocr_line' id='line_1_36' title="bbox 293 4671 1969 4781; baseline -0.002 -32"><span class='ocrx_word' id='word_1_297' title='bbox 293 4671 522 4751; x_wconf 74' lang='lat' dir='ltr'><strong>Gmtrnhunt</strong></span> <span class='ocrx_word' id='word_1_298' title='bbox 537 4676 614 4756; x_wconf 64' lang='grc' dir='ltr'><strong>ἀπο</strong></span> <span class='ocrx_word' id='word_1_299' title='bbox 635 4677 789 4754; x_wconf 72' lang='lat' dir='ltr'><strong>dilatant</strong></span> <span class='ocrx_word' id='word_1_300' title='bbox 807 4677 977 4776; x_wconf 80' lang='lat' dir='ltr'><strong>annulos,</strong></span> <span class='ocrx_word' id='word_1_301' title='bbox 1000 4679 1181 4781; x_wconf 68' lang='lat' dir='ltr'><strong>iproevea</strong></span> <span class='ocrx_word' id='word_1_302' title='bbox 1199 4677 1398 4755; x_wconf 70' lang='grc' dir='ltr'><strong>ἆὶκοῑίοιιο</strong></span> <span class='ocrx_word' id='word_1_303' title='bbox 1419 4671 1863 4754; x_wconf 63' lang='lat' dir='ltr'><strong>munumentum</strong></span> <span class='ocrx_word' id='word_1_304' title='bbox 1899 4678 1969 4734; x_wconf 55' lang='lat' dir='ltr'><strong>obse</strong></span> 
     </span>
    </p>
   </div>
   <div class='ocr_carea' id='block_1_10' title="bbox 1762 4765 1891 4823">
    <p class='ocr_par' dir='ltr' id='par_1_13' title="bbox 1762 4765 1891 4823">
     <span class='ocr_line' id='line_1_37' title="bbox 1762 4765 1891 4823; baseline -0.016 -21"><span class='ocrx_word' id='word_1_305' title='bbox 1762 4765 1891 4823; x_wconf 74' lang='lat' dir='ltr'><strong>quorum.</strong></span> 
     </span>
    </p>
   </div>
   <div class='ocr_carea' id='block_1_11' title="bbox 0 0 2131 5850">
    <p class='ocr_par' dir='ltr' id='par_1_14' title="bbox 0 0 2131 5850">
     <span class='ocr_line' id='line_1_38' title="bbox 0 0 2131 5850; baseline 0 0"><span class='ocrx_word' id='word_1_306' title='bbox 0 0 2131 5850; x_wconf 95' lang='lat' dir='ltr'><strong> </strong></span> 
     </span>
    </p>
   </div>
  </div>
 </body>
</html>
