4244 5850
915 529 1071 635 (115)

240 705 389 785 tebratis
404 718 442 782 et
457 726 585 780 eorum
599 698 858 778 radiationibus
871 699 1083 774 animalium
1094 700 1395 779 vertebratorum.
1412 704 1573 805 Systema
1592 710 1746 787 unicum

239 827 452 907 animalium
471 821 799 902 invertebratorum
820 834 873 896 est
894 822 1143 923 ganglionare;
1172 836 1227 897 est
1247 826 1379 899 unicus
1400 840 1521 927 typus.
1544 829 1647 905 Nihil
1668 834 1746 907 sine

239 949 374 1043 dubio,
393 948 593 1023 mirabilius
617 957 671 1019 est
691 971 802 1045 quam
824 946 1043 1044 comparatio
1063 947 1262 1045 systematis
1282 951 1424 1021 nervosi
1451 948 1617 1024 classium
1644 953 1745 1027 infe-

127 1120 139 1137 ·
238 1072 378 1146 riorum
404 1068 711 1158 vertebratorum,
738 1092 824 1139 oum
846 1065 995 1140 diversis
1016 1066 1288 1159 variationibus,
1310 1095 1399 1168 quas
1419 1068 1517 1143 subit
1536 1071 1648 1146 hocce
1667 1100 1747 1174 sys-

239 1206 336 1267 tema
357 1193 396 1264 in
413 1188 627 1263 animalibus
649 1188 815 1261 classium
836 1190 1064 1287 superiorum
1080 1191 1120 1261 in
1140 1203 1236 1262 statu
1252 1190 1457 1290 embryonis
1473 1206 1510 1265 et
1527 1195 1746 1271 incrementi

239 1315 406 1414 sumptis.
439 1312 544 1402 Quin
570 1313 644 1383 imo
671 1323 796 1383 auctor
819 1309 1021 1384 observavit
1046 1309 1259 1410 embryones
1283 1311 1610 1388 invertebratorum
1633 1343 1746 1419 supe-

240 1437 378 1509 riorum
395 1432 515 1506 adhuc
529 1431 608 1504 illos
624 1443 736 1505 status
759 1432 963 1505 variationis
983 1430 1179 1525 exhibere,
1204 1434 1285 1532 qui,
1309 1448 1456 1534 propter
1480 1435 1653 1509 fabricam
1678 1464 1747 1538 pe-

240 1556 431 1644 culiarem,
455 1557 494 1626 in
517 1555 726 1627 memoriam
752 1553 953 1645 reducunt,
973 1564 1191 1626 structuram
1214 1556 1414 1654 systematis
1437 1559 1579 1632 nervosi
1603 1559 1746 1633 anima-

238 1678 332 1752 lium
354 1677 581 1749 inferiorum.
608 1675 693 1747 Haec
715 1676 909 1773 posteriora
932 1702 998 1775 pro
1019 1688 1209 1775 systemate
1232 1702 1383 1750 nervoso
1400 1692 1636 1776 permanente
1660 1694 1746 1752 tan·-

238 1799 427 1875 tummodo
439 1797 574 1872 babent
585 1796 837 1896 simpliciorem
849 1798 1143 1871 informationem
1158 1799 1356 1896 systematis
1373 1800 1515 1874 nervosi
1529 1799 1744 1873 animalium

238 1922 481 2021 superiorum.
510 1919 585 1990 Cel.
602 1921 726 1990 Serres
749 1933 820 1992 tres
841 1908 994 2016 epochas
1011 1920 1235 1992 formationis
1255 1917 1523 1993 animadvertit:
1549 1923 1589 1991 1⁰
1609 1921 1742 2020 primi,

238 2040 403 2118 observat
422 2054 574 2140 systema
602 2064 795 2115 nervosum
813 2053 1036 2113 constantem
1059 2039 1199 2113 duabus
1221 2039 1383 2138 partibus
1405 2039 1596 2133 distinctis,
1619 2067 1743 2143 segre-

238 2165 346 2264 gatis,
367 2161 572 2264 disjunctis,
598 2160 887 2261 divergentibus3
919 2165 959 2232 2⁰
981 2161 1158 2252 secundi,
1186 2161 1257 2234 illae
1281 2175 1400 2259 partes
1421 2161 1517 2234 inter
1539 2187 1615 2239 sese
1637 2188 1744 2237 acce-

237 2287 351 2379 dunt,
380 2310 418 2359 se
442 2297 598 2382 tangunt
618 2284 833 2384 quibusdam
856 2285 1001 2383 punctis
1023 2296 1060 2357 et
1080 2282 1238 2383 junctio,
1261 2285 1378 2382 primo
1401 2283 1498 2375 loco,
1526 2284 1619 2357 circa
1642 2311 1742 2359 oeso-

236 2407 401 2508 phagum
417 2407 595 2498 occurrit3
620 2406 660 2479 3⁰
676 2405 799 2497 tertii,
816 2405 1023 2477 extremitas
1035 2404 1209 2502 posterior
1221 2405 1330 2477 unius
1344 2402 1464 2475 lateris
1479 2428 1564 2477 cum
1580 2404 1742 2503 oppositi

236 2526 473 2630 conjungitur
501 2538 537 2598 et
562 2539 651 2597 tunc
679 2524 902 2598 solummodo
929 2525 1062 2597 animal
1088 2538 1142 2596 est
1167 2524 1371 2622 perfectum
1397 2524 1464 2621 (1).
1500 2524 1565 2597 Illa
1593 2527 1741 2623 vestigia

237 2648 469 2751 junctionum
490 2648 625 2744 optime
647 2661 824 2745 apparent
845 2649 884 2718 in
906 2645 1100 2719 Lumbrico
1122 2647 1301 2720 terrestri:
1328 2645 1487 2719 funiculi
1511 2646 1740 2746 oesophagei,

235 2768 341 2845 libero·
367 2767 412 2841 ad
437 2769 631 2841 circuitum
654 2768 859 2866 oesophagi,
894 2769 1101 2869 junguntur
1127 2769 1224 2842 infra
1246 2768 1339 2842 illud
1368 2795 1545 2869 organum
1567 2782 1605 2842 et
1627 2770 1741 2844 latere

234 2889 379 2964 interno
395 2891 434 2960 in
456 2886 722 2987 longitudinem
740 2889 942 2961 medianam
965 2891 1099 2962 ventris
1122 2891 1219 2963 inter
1236 2916 1273 2963 se
1292 2889 1489 2963 adhaerent.
1508 2889 1637 2963 Sulcus
1656 2889 1741 2964 lon-

235 3008 444 3111 gitudinalis
464 3021 518 3081 est
537 3008 732 3084 admodum
760 3009 925 3103 visibilis,
945 3009 1049 3107 (vide
1059 3010 1136 3109 fig.
1155 3014 1174 3082 1
1194 3025 1233 3083 et
1246 3015 1282 3082 2.
1309 3012 1387 3082 tab.
1405 3012 1521 3083 XIX
1534 3052 1559 3067 ··
1577 3012 1738 3110 XXI.),

233 3133 371 3207 indicat
391 3131 582 3204 manifeste
605 3129 763 3228 quinam
785 3133 923 3202 ratione
946 3130 1040 3203 binae
1067 3146 1186 3230 partes
1211 3131 1423 3205 coaluerint.
1451 3130 1638 3204 Affirmare
1663 3157 1738 3204 non

233 3278 378 3354 possum
405 3265 531 3325 utrum
553 3251 625 3323 sint
655 3264 849 3349 segregatae
877 3276 993 3349 quum
1012 3254 1145 3325 animal
1167 3255 1206 3325 in
1229 3279 1296 3328 ovo
1318 3253 1418 3326 latet.

282 3377 343 3448 Sic
364 3373 579 3448 Lumbricus
596 3374 772 3445 terrestris
792 3399 928 3448 novum
951 3390 1210 3474 argumentum
1228 3373 1364 3474 praebet
1383 3373 1657 3447 accuratissimae
1679 3375 1739 3448 di-

139 3560 146 3565 .
232 3497 411 3597 ligentiae,
435 3495 506 3594 qui
530 3493 606 3566 Cel.
630 3495 754 3567 Serres
774 3498 812 3567 in
829 3497 902 3568 suis
921 3496 1213 3596 inquisitionibus
1235 3522 1321 3569 usus
1344 3508 1398 3567 est
1420 3494 1490 3568 Sed
1513 3519 1635 3567 nonne
1657 3495 1739 3569 suf·-

232 3621 357 3695 fic'iens
372 3629 482 3708 esset,
501 3617 631 3688 citare:
650 3616 705 3690 V
699 3637 834 3689 ermom
850 3619 1129 3693 Lumbricolem
1142 3619 1298 3693 hominis
1314 3630 1351 3689 et
1367 3618 1526 3688 Bullam
1543 3629 1733 3711 apertam,

232 3741 300 3817 ubi
324 3753 477 3840 systema
505 3762 645 3835 semper
668 3738 708 3809 in
733 3737 821 3810 duas
847 3755 966 3838 partes
992 3755 1197 3842 separatum
1229 3752 1369 3830 manet3
1408 3738 1490 3810 Clio
1519 3737 1732 3824 borealem,

231 3862 421 3947 Doridos,
450 3861 626 3933 Helicem
644 3862 878 3954 pometiam,
914 3876 982 3935 etc.
1011 3862 1075 3935 ubi
1094 3875 1246 3961 systema
1263 3884 1455 3934 nervosum
1478 3870 1620 3930 tantum
1644 3883 1734 3931 con-

185 4046 188 4051 .
231 3985 399 4090 jungitur
414 3980 483 4054 sub
506 3981 715 4080 oesophago.
740 3981 902 4054 Tandem
925 3983 1151 4055 Lumbricus
1187 3982 1371 4053 terrestris
1401 3977 1548 4051 exhibet
1581 3991 1734 4078 systema

232 4129 428 4182 nervosum
450 4103 489 4173 in
512 4105 617 4174 tertio
634 4115 748 4195 statu,
772 4104 908 4177 scilicet
929 4105 967 4176 in
990 4104 1129 4203 integri
1149 4103 1212 4175 sud
1232 4100 1459 4200 longitudine
1480 4097 1731 4200 conjunctum.

230 4229 276 4302 In
300 4225 538 4300 Hirudinibus
566 4238 604 4296 et
630 4223 708 4297 aliis
730 4224 945 4324 quibusdam
976 4224 1235 4316 Annelidibus,
1268 4223 1329 4296 illa
1358 4221 1554 4325 junctionis
1583 4224 1731 4322 vestigia

300 4482 353 4550 (ι)
370 4480 443 4536 Vide
462 4481 646 4549 Explication
665 4481 702 4533 du
727 4481 843 4550 systdme
862 4499 984 4536 irerveux
1004 4483 1052 4535 der
1071 4484 1208 4539 arrimaux
1225 4479 1408 4546 incenditis,
1430 4489 1538 4533 auctore
1550 4478 1607 4533 Cel.
1624 4478 1731 4543 Series,

231 4572 264 4627 in
296 4570 452 4625 Annalibus
483 4571 661 4625 scientiarum
684 4571 874 4639 naturalium,
911 4582 932 4626 t.
963 4576 1017 4628 111.
1041 4574 1172 4643 p.··'377;
1202 4580 1229 4626 et
1254 4572 1377 4626 Bullatin
1404 4570 1522 4642 general
1549 4569 1664 4624 Batonis
1693 4569 1733 4623 Da

230 4660 371 4730 Faunae,
390 4658 479 4716 octob.
502 4659 594 4741 1625,
602 4677 631 4730 p.
655 4677 695 4739 ro.
