4244 5850
144 907 149 918 ,
270 828 341 898 Ora
354 830 498 917 plurima
512 828 560 895 ibi
574 827 795 910 delineantur‚
812 846 874 912 opis
888 811 1093 911 microsoopii
1111 833 1281 913 conspecta
1293 834 1329 892 et
1344 825 1558 912 amplificans
1565 836 1721 907 ostentm

223 961 284 1009 ora
301 943 363 1007 ista
381 950 431 1008 sat
453 961 572 1026 magna
596 939 633 1004 in
661 947 777 1004 natura
795 939 949 1004 existunt
1663 969 1666 975 ·

268 1054 305 1118 d
329 1051 436 1118 Ovum
466 1052 626 1135 simplex,
649 1050 829 1135 ellipsoide.

269 1163 305 1229 lt
334 1162 443 1229 Ovum
467 1171 617 1247 apertum
638 1181 678 1225 ex
702 1180 768 1246 quo
790 1159 865 1224 fluit
892 1157 1002 1244 liquor
1024 1156 1154 1223 nebulis
1182 1167 1325 1246 notatus,
1348 1161 1398 1227 uti
1421 1161 1485 1226 tals
1511 1160 1582 1228 Vll.
1608 1160 1661 1247 fig.
1687 1159 1717 1227 4.

223 1291 284 1359 pro
305 1272 462 1338 folliculis
486 1270 686 1337 delineatum
709 1270 775 1336 fuit
797 1271 938 1336 alterum
961 1271 1135 1352 exemplar.

269 1383 302 1451 G.
324 1383 432 1450 uum
455 1383 648 1449 bilobatum.

270 1493 389 1560 nono.
412 1493 482 1559 Ova
500 1493 536 1557 in
556 1492 676 1579 quibus
700 1492 818 1556 adsunt
841 1492 893 1556 vel
913 1492 1030 1555 desunt
1052 1491 1220 1555 filamenta
1243 1492 1347 1576 nigra.

266 1604 300 1671 ἱ
324 1603 432 1671 Ovum
456 1605 492 1668 in
508 1624 574 1691 quo
595 1603 682 1668 istud
701 1603 906 1668 filamentum
931 1603 966 1665 in
985 1623 1018 1666 se
1041 1600 1226 1684 replicatur.

817 1744 918 1822 ‘russs
959 1756 1104 1824 ιιιιιιιι.

673 1853 818 1978 ¹(usura
850 1887 961 1955 xxiv.
995 1923 1040 1936 -
1071 1884 1243 1972 xxvffl.)

357 2040 553 2090 nmmum.
575 2057 607 2073 ·’
621 2041 757 2103 uooon
778 2041 1027 2090 ornandulcus
1051 2058 1076 2072 ··
1099 2037 1331 2088 mmmm
1352 2037 1584 2090 emansores.

861 2152 990 2245 Fiquro
1031 2178 1059 2221 1.

268 2265 447 2334 lecticulae
474 2265 686 2351 micrompio
711 2268 889 2351 composito
913 2268 1067 2332 adauctus
1091 2277 1125 2330 et
1147 2285 1223 2331 mox
1250 2273 1396 2350 apertus,
1425 2266 1472 2333 ita
1493 2275 1532 2332 ut
1556 2267 1717 2354 liquorem
1834 2309 1837 2314 -

224 2376 455 2463 clermadcum
478 2376 678 2459 effluentem,
696 2382 871 2464 antequam
887 2379 1005 2444 formet
1023 2376 1140 2462 undas,
1165 2377 1275 2443 videre
1295 2377 1391 2444 nohis
1409 2378 1530 2444 liceret.

870 2486 999 2578 Fiquru
1034 2510 1064 2555 2.

268 2595 446 2662 Testiculus
455 2596 667 2680 microscopio
676 2594 834 2662 diametro
853 2599 1180 2683 multum‘adauctus,
1195 2607 1228 2664 et
1241 2599 1279 2662 in
1296 2616 1400 2662 massa
1416 2597 1552 2684 liquoris
1570 2616 1717 2682 sperma-

225 2705 284 2771 tici
302 2726 321 2772 e
339 2707 473 2790 propria
492 2728 550 2772 sua
568 2708 705 2773 cavitate
724 2709 833 2774 emissi
855 2707 1016 2774 innatans.
1037 2710 1156 2798 liquor
1173 2711 1233 2775 iste
1249 2707 1344 2774 strisu
1363 2716 1526 2774 contortas
1541 2730 1597 2774 seu
1613 2696 1731 2776 undes'

226 2815 333 2882 rarius
356 2817 485 2882 format.

865 2906 992 2997 Fiyura
1021 2909 1051 2972 3.

267 3013 417 3102 liquoris
436 3016 623 3102 spermatici
647 3019 812 3102 portiones
829 3021 995 3085 exsiccatus
1021 3020 1056 3083 in
1081 3017 1201 3105 quibus
1224 3018 1312 3084 strioe
1331 3027 1571 3090 conservantur.

860 3128 987 3218 Fiqura
1016 3126 1047 3192 4.

267 3234 377 3303 Portio
394 3236 533 3322 liquoris
549 3239 734 3321 spermatici
750 3241 903 3324 recentis,
923 3241 1135 3325 microscopio
1155 3241 1322 3306 tricenties
1343 3250 1452 3323 aucta3
1470 3239 1718 3324 conspiciuntur

224 3363 334 3411 versus
356 3355 507 3411 centrum
534 3349 680 3434 quinque
707 3369 842 3434 corpma
865 3353 1029 3435 pecularia
1052 3372 1191 3439 quorum
1219 3353 1324 3436 majus
1352 3360 1385 3416 et
1408 3351 1473 3416 duo
1500 3352 1565 3416 alia
1595 3352 1717 3417 lineam

224 3455 403 3541 nigriorem
426 3467 619 3522 monstrant
655 3458 766 3524 Nescio
797 3483 839 3526 an
869 3474 946 3530 sunt
971 3485 1073 3530 necne
1102 3465 1298 3529 animalcula
1330 3464 1537 3548 spermatica,
1568 3463 1718 3552 quondo-

224 3565 358 3650 quidem
378 3565 471 3631 illam
489 3566 747 3636 observationem
771 3576 871 3638 semel
894 3575 1032 3639 institui.

848 3726 935 3792 ιιι.
982 3730 1092 3794 xm.
1216 3724 1218 3729 ·

719 3856 833 3943 (ιιι.
872 3859 967 3925 xxv.
1005 3894 1050 3909 -
1085 3856 1220 3946 usur)

226 3999 391 4049 CORPORA
406 4003 596 4051 mlum.
613 4023 635 4035 ··
651 4004 733 4053 OVA.
755 4025 778 4037 ·
798 4008 986 4056 PUTAMINA
1002 4005 1262 4056 canosum.
1283 4022 1307 4040 ··
1325 4005 1520 4057 vutmorffls
1534 4007 1717 4057 mmm.

543 4182 548 4186 ,
865 4118 908 4187 Fi
928 4147 1001 4188 ura.
1036 4146 1063 4187 1.

267 4221 389 4312 Corpus
407 4228 588 4313 letiferum,
606 4205 766 4317 postejus
794 4149 926 4299 exitunil
937 4257 975 4299 ex
999 4235 1122 4317 orario,
1158 4232 1197 4296 16
1224 4231 1390 4298 diametris
1423 4253 1483 4318 ope
1511 4234 1717 4318 microscopii

229 4334 368 4403 auctum.
403 4337 489 4423 Ova,
515 4343 664 4426 quamvis
691 4344 847 4428 existunt,
879 4354 947 4408 tam
973 4344 1089 4428 exigue
1112 4351 1189 4408 sunt
1215 4351 1253 4408 ut
1281 4343 1443 4427 conspici,
1475 4345 1536 4409 hoc
1560 4345 1718 4412 diametro

228 4446 384 4514 audaucta
401 4471 470 4515 non
493 4452 626 4534 possint.

860 4540 986 4630 quuro
1019 4560 1050 4607 2.

271 4642 363 4711 Idem
378 4665 495 4732 corpus
514 4658 663 4734 apertum
679 4659 712 4718 et
736 4650 849 4719 eodem
867 4670 1007 4719 numero
1023 4651 1256 4720 diametrorum
1274 4651 1517 4804 ampleificatum.
