4244 5850
891 572 1045 672 (151)

273 739 549 817 Contenderunt
562 740 710 841 quidam
727 752 892 815 auctores
911 737 1088 813 vesiculas
1106 742 1225 811 aiireas
1243 737 1336 811 nibil
1352 760 1427 810 esse
1443 727 1719 837 nisiglantlulns

222 888 401 955 mucosus,
427 877 465 937 et
483 888 588 962 poros
607 887 684 935 esse
706 862 837 936 ductus
859 874 1025 934 externos
1047 860 1210 932 humoris
1226 859 1350 933 viscosi
1372 883 1444 958 quo
1469 858 1546 931 lere
1577 880 1718 959 semper

223 1008 352 1084 corpus
363 981 637 1057 Lumbriccrum
650 981 853 1057 obducitur.
870 982 929 1053 Sic
946 980 1189 1052 assimilantur
1206 979 1370 1052 vesiculae
1389 978 1553 1055 vesiculis
1565 979 1719 1079 quibus-

223 1103 305 1180 dam
328 1101 550 1177 Hirudinum
573 1127 654 1200 quae
675 1127 799 1175 revera
825 1115 878 1174 sat
898 1128 1063 1200 magnam
1086 1102 1223 1199 copiam
1248 1103 1345 1173 muci
1368 1101 1566 1174 continent.
1587 1095 1658 1172 sed
1679 1103 1718 1173 in

223 1223 293 1298 hoo
302 1224 499 1321 posteriore
512 1222 674 1312 animali,
685 1225 805 1296 omnia
816 1237 902 1296 sunt
914 1222 1050 1295 diversa
1060 1249 1068 1293 ε
1079 1222 1215 1294 habent
1229 1221 1315 1296 duas
1327 1224 1461 1319 species
1478 1220 1718 1294 vesicularum

223 1370 378 1444 quarum
400 1371 474 1417 nna
497 1343 542 1417 ad
567 1345 836 1442 respirationem
859 1343 1080 1415 efficiendam
1103 1344 1272 1430 inservit,
1300 1342 1409 1413 altera
1431 1355 1552 1413 etitem
1576 1340 1619 1411 ad
1635 1361 1718 1413 cor-

223 1489 292 1563 pus
323 1462 479 1562 quodam
507 1489 617 1536 muco
650 1462 905 1563 obtegendum.
951 1462 1127 1535 Vesicnlae
1153 1462 1264 1564 hujus
1295 1463 1496 1563 posterioris
1521 1461 1718 1534 functionis

224 1584 473 1659 tantummodo
496 1585 695 1684 implentur
716 1586 869 1658 humore
888 1585 1042 1683 quodam
1066 1586 1197 1656 viscoso
1222 1596 1258 1652 et
1277 1582 1396 1652 forsan
1414 1583 1611 1679 comparari
1635 1605 1718 1681 pos-

225 1717 312 1779 suat
336 1729 420 1779 cum
447 1703 626 1804 glandulis
649 1729 730 1803 quae
751 1707 791 1776 in
818 1705 950 1779 clitello
975 1703 1175 1778 Lumbricis
1197 1704 1372 1776 terrestris
1397 1701 1643 1778 observantur.

501 1913 547 1984 Π.
604 1913 788 2002 Quoedam
817 1915 1014 1985 observata
1045 1913 1099 1984 ad
1127 1902 1421 2008 respirationem.

274 2104 553 2178 Modificationes
576 2131 794 2204 organorum
813 2107 1054 2180 circulationis
1077 2118 1114 2178 et
1130 2107 1372 2203 respirationis
1388 2118 1531 2204 possent
1545 2105 1718 2179 inservire

228 2224 483 2298 elassificationi
499 2226 708 2298 animalium
733 2229 866 2326 pariter
893 2241 990 2299 acet
1014 2225 1212 2299 secundum
1240 2225 1431 2298 nonnullos
1452 2226 1580 2299 melius
1607 2251 1718 2324 quam

227 2344 504 2419 modificationes
518 2346 716 2446 systematis
737 2350 890 2418 nervosi.
916 2347 1000 2418 llaec
1024 2347 1146 2444 opinio
1161 2347 1235 2419 fuit
1250 2347 1375 2429 emissa
1399 2372 1418 2417 a
1442 2346 1496 2417 Cl.
1515 2348 1656 2419 Homio
1678 2347 1718 2418 iu

226 2466 289 2540 sut
307 2456 551 2539 dissertatione
568 2468 654 2538 anni
671 2467 781 2545 1817.
795 2468 837 2538 ln
855 2467 921 2538 hoc
933 2492 1041 2565 opere
1058 2466 1173 2554 enim,
1192 2467 1340 2564 exponit
1356 2465 1434 2537 illas
1451 2468 1661 2537 variationes
1677 2465 1718 2538 iu

226 2585 372 2663 diversis
391 2585 559 2660 classibus
582 2601 619 2659 et
640 2585 769 2660 dividit
794 2586 938 2660 classem
960 2588 1148 2660 Vermium
1168 2587 1319 2657 Linnoei
1344 2588 1384 2658 in
1406 2586 1441 2655 V
1460 2585 1602 2658 ordines
1615 2586 1718 2671 inter

226 2733 315 2806 quos
331 2708 585 2808 distinguimus
607 2710 682 2782 3ιιιιι
706 2711 768 2807 qni
793 2712 1043 2810 complectitur
1065 2708 1294 2798 Lumbricos‚
1316 2705 1509 2805 inquibus
1531 2705 1723 2778 circulatio

225 2826 381 2903 efficitur
396 2856 460 2929 per
478 2833 624 2903 arterias
645 2846 682 2904 et
698 2857 822 2924 venas,
845 2859 959 2932 quum
980 2859 1054 2906 non
1070 2831 1226 2905 habeant
1248 2855 1309 2903 cor
1328 2853 1396 2901 nec
1415 2852 1547 2925 organa
1569 2839 1718 2898 esterna

226 2948 414 3025 aindoma
435 2964 501 3024 aut
524 2953 775 3050 respirationis.

276 3068 471 3159 Quantitas
492 3072 695 3167 sanguinis,
738 3073 858 3170 inquit
879 3074 1034 3144 Marcel
1052 3071 1097 3143 da
1117 3071 1242 3143 Serres
1252 3120 1267 3155 ,
1295 3069 1437 3166 (Mem.
1459 3067 1511 3138 du
1534 3066 1717 3138 Muscam

228 3184 358 3261 ‹t’tiat
375 3201 455 3260 nat.
465 3240 480 3273 ,
502 3202 528 3263 t.
548 3189 607 3262 V.
613 3217 657 3284 p.
676 3191 763 3287 64.)
781 3217 881 3288 qnae,
899 3205 1059 3289 ternpore
1071 3191 1324 3279 determinato,
1343 3181 1470 3260 transit
1484 3189 1522 3259 in
1539 3210 1716 3284 organum

226 3308 469 3407 repit-ationis,
492 3322 545 3383 est
568 3335 735 3385 mensura
756 3313 839 3383 satis
854 3310 946 3410 justa
969 3311 1123 3409 energiae
1143 3311 1195 3383 vis
1217 3308 1443 3399 muscularis,
1465 3319 1536 3379 etc.
1558 3304 1718 3377 Evideus

226 3440 282 3503 est
301 3428 401 3507 hunc,
422 3456 543 3504 cusum
564 3431 816 3505 tautummodo
838 3455 1026 3504 occurrere
1047 3433 1085 3502 in
1108 3429 1320 3504 animalibus
1342 3428 1448 3501 corde
1466 3426 1635 3524 praeditis.
1673 3425 1716 3496 ln

225 3548 445 3640 Lumbricis,
469 3542 595 3649 utpote
616 3551 722 3624 corde
743 3551 939 3642 destitutis,
961 3579 1093 3652 organa
1114 3551 1354 3652 respirationis
1373 3563 1409 3622 et
1426 3549 1616 3622 sirationis
1630 3559 1716 3619 sunt
1828 3616 1834 3625 ,

228 3662 385 3768 passiva3
413 3671 466 3743 vis
487 3670 558 3742 sola
580 3673 794 3746 muscularis
816 3675 1103 3748 membranarum
1126 3672 1345 3747 arterialiurn
1373 3672 1464 3769 agit,
1490 3683 1528 3742 et
1548 3666 1717 3767 propellit

226 3791 438 3889 unguinem
451 3791 489 3861 ia
500 3790 645 3864 ultimas
659 3795 930 3887 ramitieatioues
942 3795 1166 3867 vasculorum
1179 3793 1467 3891 sanguiierorum
1478 3787 1716 3863 vesicularum

230 3894 311 4008 quui
331 3906 375 3981 ad
397 3911 614 3983 serationem
636 3913 854 4003 inserviunt,
875 3914 939 3986 ubi
961 3917 1051 3987 airis
1067 3913 1244 4011 absorptio
1266 3911 1441 4003 efficitur3
1470 3934 1554 3980 nani
1576 3908 1614 3978 in
1638 3908 1716 3977 Au-

230 4027 427 4119 uelitibus,
450 4033 594 4129 sanguis
621 4036 701 4104 aira
722 4035 867 4131 quaerit,
896 4033 1009 4105 donec
1025 4059 1045 4105 e
1061 4045 1183 4105 contra
1202 4033 1241 4104 in
1256 4031 1402 4103 inseetis
1414 4044 1477 4102 aut
1493 4024 1718 4100 Animalibus
1765 4125 1768 4131 Ι

229 4130 382 4224 tricheis
409 4150 583 4248 praeditis,
611 4157 671 4223 aiii·
695 4156 906 4251 sanguinem
928 4154 1097 4250 exquirit.
1755 4130 1757 4134 Ι

278 4268 332 4345 Ut
347 4286 517 4370 appareat
538 4287 713 4371 quantum
730 4276 776 4347 sit
793 4277 929 4374 ingenii
947 4299 1099 4347 acumen
1118 4272 1171 4345 Cl.
1189 4272 1326 4346 Homii
1345 4268 1461 4369 quoad
1477 4266 1714 4340 classificatio-

230 4386 315 4465 nem
339 4390 542 4490 generalem
567 4394 801 4484 animalium,
830 4394 1115 4473 distinctionibus
1140 4390 1184 4466 ab
1206 4391 1268 4466 illo
1290 4405 1434 4466 auctore
1460 4388 1530 4493 jam
1553 4384 1715 4475 stabilitis

230 4508 400 4613 quasdam
423 4512 508 4606 alias
528 4514 566 4586 in
585 4515 833 4591 invertebratis
858 4517 1062 4616 desumptas
1080 4514 1300 4616 adjiciemus.
1409 4603 1414 4612 ι

229 4672 233 4680 ·
279 4632 443 4707 Mallusci
465 4647 503 4706 et
524 4634 704 4709 Crustacei
727 4637 868 4735 prediti
892 4652 979 4712 sunt
1000 4638 1142 4737 organis
1160 4635 1351 4710 lamellatis
1369 4659 1468 4735 qua,
1500 4631 1713 4731 sanguinem
