4244 5850
946 475 1101 578 (211)

259 653 367 728 series
394 650 623 752 gangliorum
651 647 748 719 inter
767 669 804 717 se
836 642 1029 734 similium,
1062 645 1293 743 repr-oductio
1321 650 1481 749 partialis
1515 662 1767 737 tautummodo

257 774 378 849 locum
412 771 522 845 habet
546 796 612 869 pro
646 780 748 867 parte
778 767 935 863 corporis
962 791 1044 864 quae
1075 769 1351 866 comprehendit
1377 772 1522 849 huncce
1551 797 1766 878 apparatum

257 895 476 971 cerebralem
500 892 672 994 junctum
693 914 779 961 cum
801 886 880 958 aliis
897 888 1127 984 apparatibus
1149 893 1284 987 pariter
1306 899 1513 969 necessariis
1535 899 1582 972 ad
1599 904 1710 977 vitam
1729 921 1767 980 et

257 1017 565 1094 conservationem
579 1010 743 1086 animalis
759 1008 990 1106 (apparatus,
1003 1009 1104 1083 verbi
1121 1038 1244 1103 causa,
1263 1016 1523 1110 circulationis,
1537 1025 1762 1119 nutritionis,

257 1140 355 1237 etc.)
380 1138 499 1210 Haece
518 1138 557 1208 iu
578 1160 663 1207 casu
685 1145 927 1204 numerantur
950 1131 1136 1205 Lurnbrici
1159 1147 1343 1208 terrestres
1359 1152 1396 1210 et
1420 1165 1545 1213 omues
1567 1144 1763 1221 Annelides

256 1259 355 1359 apud
376 1285 458 1358 quae
481 1258 663 1356 portiones
685 1254 843 1352 corporis
865 1251 928 1325 ubi
951 1253 1201 1326 tantummodo
1224 1274 1420 1331 occurrunt
1442 1262 1584 1362 ganglia
1602 1266 1680 1340 sine
1700 1294 1764 1342 ce·

255 1380 362 1456 rebro
385 1395 449 1453 aut
475 1378 619 1479 ganglia
644 1377 875 1474 oesophageo,
905 1375 1130 1473 aliquamdiu
1157 1403 1316 1451 crescere
1349 1381 1409 1452 scd
1436 1409 1639 1484 numquam
1663 1389 1762 1463 inte-

254 1528 361 1603 grum
385 1502 519 1574 animal
543 1502 758 1599 progignere
781 1512 942 1596 possunt.

302 1625 546 1725 Reprodnctio
564 1649 646 1723 quar
664 1622 916 1694 manifestatur
937 1622 973 1692 in
991 1620 1249 1711 salamandris,
1264 1625 1302 1694 in
1320 1627 1448 1724 gyriris
1467 1628 1668 1724 Ranarum,
1687 1648 1757 1708 etc.

253 1762 352 1821 certe
372 1748 458 1820 alias
475 1751 623 1847 iusuper
647 1744 926 1817 modificationes
949 1742 1126 1836 subeunt,
1150 1745 1211 1817 sed
1234 1745 1302 1817 hoc
1321 1774 1339 1818 a
1365 1752 1546 1846 proposito
1569 1768 1689 1826 nostro
1705 1770 1760 1829 est

252 1868 426 1943 alienum.

304 1986 581 2062 Observandum
619 1997 674 2057 est
713 1984 831 2054 omnia
866 1982 1033 2054 animalia
1068 2011 1223 2082 quorum
1257 1990 1443 2060 nonnullae
1470 2007 1589 2088 partes
1630 2023 1760 2093 repro-

250 2107 439 2185 ducuntur
475 2120 554 2205 post
577 2106 798 2194 scissionem,
830 2105 959 2175 instrui
989 2130 1137 2203 corpore
1169 2119 1236 2179 aut
1256 2106 1382 2179 saltem
1408 2109 1451 2180 iis
1480 2111 1645 2209 partibus
1671 2141 1756 2214 quae

249 2230 387 2303 renasci
410 2242 560 2327 possunt
584 2228 628 2300 ad
653 2242 781 2328 typum
805 2227 1026 2299 uniformem
1046 2229 1252 2301 efformatis.
1277 2231 1318 2302 ln
1337 2231 1502 2330 Polypis,
1525 2235 1618 2307 nihil
1638 2240 1757 2312 mani-

248 2352 376 2441 festius
397 2364 558 2450 apparet.
586 2352 772 2449 integrum
796 2375 925 2447 corpus
950 2350 1076 2422 eodem
1102 2352 1209 2423 modo
1231 2356 1466 2426 constitutum
1498 2355 1654 2429 babent:
1678 2361 1756 2432 siu-

248 2474 343 2576 gnlae
366 2479 567 2574 portiones,
589 2474 644 2544 uti
669 2486 784 2544 totum
809 2497 957 2568 corpus,
985 2485 1071 2543 sunt
1094 2472 1298 2570 gelatinosae
1321 2490 1359 2548 et
1384 2476 1561 2550 distinctae
1594 2481 1754 2577 parvulis

246 2598 393 2697 punctis
415 2621 496 2694 quae
519 2595 685 2685 fortasse,
709 2595 763 2666 nti
785 2606 915 2691 putant
935 2594 1122 2685 nonnulli,
1148 2595 1312 2668 habenda
1332 2612 1417 2670 sunt
1434 2611 1617 2696 tamquam
1638 2604 1754 2698 parti-

245 2717 338 2793 cule
361 2743 533 2791 uerrosae.
563 2717 606 2787 lu
622 2713 818 2788 Lambrioo
840 2717 999 2786 terrestri
1023 2715 1121 2789 idem
1146 2718 1183 2788 in
1205 2743 1338 2815 genere
1366 2720 1442 2791 sere
1471 2720 1540 2792 dici
1560 2737 1689 2819 potest.
1720 2725 1752 2797 A

244 2840 448 2916 ventriculo
472 2839 643 2924 oriundo,
669 2852 868 2911 occurrunt
890 2840 930 2908 in
952 2838 1104 2936 singulis
1124 2839 1289 2928 annulis,
1322 2866 1455 2938 organa
1484 2844 1749 2939 respirationis,

244 2984 326 3060 quae
349 2960 559 3033 nullomodo
576 2959 777 3031 illabuntur
795 2972 912 3029 cetera
935 2984 1067 3056 organa
1090 2983 1172 3055 quae
1188 2958 1351 3029 eamdem
1370 2960 1524 3057 impleut
1542 2961 1751 3037 functiones

243 3081 282 3153 in
306 3082 450 3153 annulis
474 3083 618 3173 vicinis,
641 3107 771 3178 organa
796 3079 1002 3177 digestionis
1024 3104 1105 3176 quae
1128 3078 1236 3149 etiam
1260 3077 1369 3150 nullis
1391 3079 1468 3149 t'ere
1490 3079 1747 3179 subjiciuntur,

243 3204 413 3300 quoniam
441 3217 581 3301 partem
610 3203 835 3275 constituunt
860 3200 992 3270 canalis
1019 3198 1235 3272 alimentarii
1259 3202 1298 3272 in
1325 3201 1465 3299 integris
1491 3203 1555 3274 sud
1584 3203 1748 3302 longitu-

242 3322 327 3398 dine
343 3325 543 3398 secundum
562 3325 725 3397 eamdem
745 3338 872 3422 typum
890 3324 1147 3420 compositum3
1168 3347 1300 3419 organa
1327 3321 1589 3414 circulationis,
1614 3349 1747 3422 organa

240 3469 409 3536 nervosa,
432 3460 501 3517 etc.
530 3447 584 3516 Ex
606 3444 843 3516 similitudine
866 3471 1084 3542 organorum
1106 3447 1145 3516 in
1169 3445 1317 3516 diversis
1342 3444 1521 3542 partibus,
1542 3459 1579 3517 et
1605 3447 1745 3545 ingenti

240 3565 343 3663 copiis
373 3566 504 3637 harum
529 3568 710 3663 partium,
740 3565 942 3662 colligimus
971 3567 1131 3663 ipsarum
1161 3566 1345 3638 desectum
1373 3592 1445 3636 non
1474 3573 1642 3665 maguam
1669 3569 1745 3642 vim

240 3685 281 3757 in
307 3687 484 3757 actionem
506 3685 652 3759 vitalem
679 3711 847 3757 exercere
870 3712 990 3782 posse,
1019 3714 1103 3759 nam
1131 3713 1175 3759 ex
1199 3714 1241 3760 eo
1267 3690 1343 3786 ipso
1366 3687 1464 3786 quod
1486 3714 1609 3761 onrues
1632 3690 1744 3763 funo-

239 3807 354 3879 tiones
377 3809 612 3906 perficiantur
639 3811 676 3879 in
700 3808 849 3907 siugulis
875 3791 1031 3907 corporis
1051 3808 1211 3908 partibus
1233 3809 1309 3879 sine
1332 3833 1400 3907 ope
1423 3812 1630 3906 portionum
1650 3811 1743 3884 rici-

240 3951 390 4018 narum,
418 3942 456 4000 et
482 3930 569 4000 siant
594 3954 658 4027 per
688 3956 819 4028 organa
848 3930 1013 4027 specialia
1043 3932 1253 4020 innumera,
1274 3928 1357 4001 lnce
1382 3929 1512 4001 clarius
1542 3945 1691 4030 apparet
1712 3935 1743 4006 si

238 4049 423 4148 congeries
439 4049 569 4121 harum
588 4052 745 4147 partium
763 4051 807 4122 ab
819 4051 965 4122 animali
982 4052 1191 4144 auferatur,
1210 4052 1414 4124 functiones
1431 4065 1633 4124 ceterarum
1654 4079 1742 4150 par-

237 4170 330 4244 tium
353 4170 563 4243 nullomodo
585 4173 820 4269 interrumpi,
846 4199 959 4270 quum
984 4173 1110 4245 saltem
1129 4176 1168 4246 in
1190 4178 1346 4247 sectione
1368 4202 1440 4245 non
1463 4188 1631 4246 secantur
1655 4201 1741 4271 par-

236 4303 291 4364 tes
312 4292 515 4368 essentiales
538 4307 575 4365 et
595 4298 725 4365 unicae.
751 4293 912 4367 Ultimus
935 4296 1037 4367 hicce
1054 4322 1155 4367 casus
1178 4309 1300 4367 tamen
1325 4321 1398 4366 non
1422 4296 1542 4392 magni
1566 4295 1740 4366 momenti

236 4411 497 4504 videturesse,
520 4415 604 4512 quia
627 4429 736 4513 caput
759 4414 893 4487 Helicis
914 4428 1030 4513 potest
1047 4418 1201 4505 renasci,
1222 4416 1385 4514 quamvis
1406 4426 1515 4512 caput
1536 4439 1609 4512 quo
1634 4438 1737 4486 cere-

234 4529 343 4607 brum
364 4537 571 4608 continetur
599 4549 696 4609 certe
715 4538 761 4608 sit
781 4562 863 4634 pars
884 4540 1009 4628 unica,
1034 4538 1119 4635 quia
1144 4537 1267 4610 eadem
1291 4563 1371 4636 pars
1396 4562 1416 4606 a
1443 4532 1639 4607 Lumbrico
1661 4548 1738 4608 ter-

234 4654 339 4729 restri
362 4654 478 4730 ablata
499 4668 580 4756 post
601 4656 691 4730 duos
713 4682 853 4731 menses
877 4659 1143 4757 reproducitur.
