4244 5850
914 525 1067 623 (10¹)

159 675 161 679 ¹
232 691 483 792 progrediens,
515 704 678 767 mutatur
704 690 744 765 in
770 693 957 764 scissuram
987 705 1025 764 et
1050 690 1139 765 duos
1167 689 1265 764 lobos
1285 705 1436 791 separat.
1477 691 1731 768 Communicat

229 815 342 889 latere
368 815 555 914 posteriori
586 842 669 888 cum
698 815 861 889 musculo
884 826 1079 887 retractore
1099 811 1261 916 ejusdem
1283 813 1387 905 labii,
1411 827 1448 886 et
1470 814 1509 886 in
1538 818 1636 888 omni
1667 819 1732 891 sud

229 934 457 1039 longitudine
481 960 579 1009 cum>
594 937 746 1011 cavitate
775 936 875 1009 orali.
923 936 1045 1011 Facies
1071 948 1220 1009 externa
1248 950 1302 1008 est
1327 937 1482 1008 maxime
1510 939 1674 1011 anterior--
1693 953 1731 1011 et

229 1053 384 1154 occupat
409 1056 623 1129 anteriorem
651 1070 790 1156 partem
823 1056 909 1129 labii
935 1082 1017 1155 quae
1043 1058 1202 1130 exterius
1233 1058 1402 1131 occurrit.
1447 1059 1510 1129 Est
1543 1083 1728 1153 convexa,

229 1175 522 1268 semicircularis,
534 1176 682 1275 praedita
700 1178 844 1276 punctis
859 1179 933 1253 sive
949 1178 1236 1251 extremitatibus
1247 1177 1291 1250 ab
1308 1193 1462 1278 utroque
1475 1180 1588 1254 latere
1602 1206 1729 1255 ascen-

229 1295 399 1370 dentibus
418 1309 456 1368 et
476 1297 526 1367 sic
550 1297 751 1394 portionem
774 1298 1015 1369 constrictos-is
1036 1299 1107 1370 oris
1127 1298 1401 1372 obducentibus.
1430 1302 1551 1373 Facies
1577 1304 1730 1377 inferior

229 1430 284 1491 est
302 1417 409 1517 plana
431 1415 477 1489 ad
500 1431 640 1515 partem
666 1443 768 1491 suam
792 1420 1043 1517 posteriorem,
1069 1446 1227 1498 convexa
1254 1436 1292 1494 et
1312 1427 1415 1495 arctis
1437 1425 1475 1495 in
1501 1424 1650 1499 modum
1683 1426 1729 1499 ad

229 1541 446 1612 anteriorem
471 1552 652 1630 contorta3
685 1541 802 1639 tangit
825 1539 920 1614 latus
940 1542 1128 1614 internum
1148 1541 1304 1615 musculi
1330 1544 1399 1616 oris
1423 1546 1661 1618 constrictoris
1687 1559 1725 1619 et

227 1683 337 1759 supra
364 1659 465 1734 hunc
491 1658 711 1733 extenditur.
1189 1668 1191 1672 “

491 1854 545 1927 6⁰.
589 1855 653 1926 Dc
686 1856 855 1927 musculo
882 1869 1082 1929 retractare
1113 1857 1212 1928 labii
1242 1855 1443 1956 irfferioris.

278 2017 346 2093 Hic
368 2020 555 2095 musculus
581 2025 738 2094 occurrit
758 2020 803 2094 ad
829 2034 968 2119 partem
990 2023 1222 2120 posteriorem
1248 2020 1334 2096 labii
1364 2023 1565 2115 inferioris,
1598 2025 1725 2097 termi-
1743 2036 1857 2093 Potitio.

226 2155 337 2215 natur
357 2142 403 2215 ad
430 2143 693 2215 extremitatem
717 2143 878 2215 navitatis
904 2142 1009 2214 oralis
1022 2196 1032 2233 ,
1061 2142 1198 2215 scilicet
1220 2141 1266 2214 ad
1287 2156 1426 2240 partem
1450 2143 1724 2242 profundiorem

227 2262 310 2335 oris.
327 2261 384 2335 Ad
405 2262 622 2334 interiorem
647 2275 786 2360 partem
811 2264 1071 2354 communicat,
1095 2288 1162 2361 ope
1179 2263 1259 2336 telae
1281 2262 1462 2335 cellularis
1479 2263 1615 2357 densae,
1639 2290 1725 2337 cum

226 2379 391 2454 musculo
411 2384 556 2481 proprio
578 2380 740 2482 ejusdem
762 2379 861 2453 labii.

275 2501 405 2575 Forma
433 2501 543 2604 hujus
564 2501 719 2575 musculi
741 2516 795 2574 est
816 2502 1003 2601 regularis.
1036 2500 1194 2576 Exhibet
1218 2502 1502 2602 quadrilaterum
1528 2503 1721 2602 paululum
1738 2525 1847 2583 Forma.

228 2623 453 2724 elongatum,
464 2626 691 2698 ⁴instructum
713 2623 885 2697 lateribus
899 2624 978 2696 fere
989 2623 1187 2722 parallelis,
1205 2646 1280 2695 sese
1297 2621 1532 2724 jungentibus
1547 2624 1591 2696 ad
1607 2626 1724 2698 inter-

226 2746 420 2818 sectionem
445 2747 553 2844 primi
584 2744 711 2818 annuli
744 2771 829 2818 cum
852 2745 1022 2819 secundo.
1058 2745 1148 2844 Ejus
1171 2743 1269 2817 fibrae
1294 2769 1368 2815 non
1394 2757 1482 2817 suut
1503 2742 1657 2818 visibiles
1684 2757 1722 2817 et
1738 2766 1835 2823 tibru-

225 2866 390 2965 undique
412 2866 647 2939 cellulositate
667 2867 771 2941 tenui
794 2878 831 2938 et
852 2865 961 2938 densi
983 2864 1268 2938 circumdantur.

274 2986 397 3059 Facies
425 2985 503 3086 ejus
534 2988 697 3086 superior
722 2998 776 3057 est
803 2984 988 3084 levigata,
1022 3011 1096 3058 non
1127 2984 1285 3057 multum
1313 2985 1412 3056 rimis
1443 2983 1651 3076 dehiscens,
1684 3000 1720 3058 et
1738 3003 1839 3064 saties.

226 3105 377 3205 inferior
398 3106 574 3208 superiori
600 3118 654 3176 est
674 3103 867 3175 simillima.
936 3149 942 3166 .

273 3225 342 3299 llic
364 3225 550 3300 musculus
573 3225 781 3297 extenditur
803 3224 881 3296 fere
903 3225 941 3295 in
964 3225 1142 3322 integram
1158 3221 1423 3323 longitudinem
1447 3223 1556 3322 primi
1571 3223 1717 3314 annuli,
1737 3240 1905 3302 natationes.

226 3359 263 3421 et
278 3348 464 3421 coustituit
475 3346 606 3419 faciem
622 3346 831 3419 inferiorem
844 3356 881 3416 et
892 3346 1125 3442 posteriorem
1142 3346 1303 3417 caritatis
1319 3343 1436 3417 oralis.
1455 3342 1718 3416 Communicat:

227 3471 266 3541 1⁰
285 3466 398 3540 latere
413 3467 616 3566 posteriori,
634 3491 719 3538 cum
729 3468 980 3540 intersectione
993 3467 1100 3566 primi
1112 3465 1239 3541 annuli
1254 3491 1338 3538 eum
1357 3464 1531 3557 secundo,
1550 3467 1590 3535 2⁰
1606 3463 1719 3539 latere

225 3589 411 3680 anteriori,
436 3614 521 3662 cum
541 3586 706 3663 musculo
719 3588 864 3686 proprio
881 3586 965 3659 labii
983 3587 1181 3679 inferioris,
1199 3587 1239 3660 3ο
1256 3585 1478 3685 marginibus
1492 3584 1717 3676 lateralibus,

142 3808 144 3813 Ι
225 3723 322 3785 recto
339 3722 377 3782 et
398 3710 557 3800 sinistro,
575 3733 660 3780 eum
681 3707 888 3782 membranis
909 3706 1171 3783 submusculari
1190 3732 1271 3807 quae
1289 3707 1514 3807 superficiem
1538 3707 1717 3777 internam

185 3882 189 3887 -
226 3833 387 3907 cavitatis
413 3831 517 3904 oralis
538 3829 750 3904 circumdat.
1216 3902 1219 3907 .

270 3954 329 4026 En
351 3951 507 4025 musculi
529 3978 619 4051 quos
644 3954 682 4024 in
708 3976 770 4024 ore
793 3950 998 4027 observavi:
1026 3964 1068 4024 ut
1088 3974 1211 4025 omnes
1233 3948 1385 4048 perspici
1412 3946 1565 4046 possint,
1591 3941 1936 4022 multaeosorvartooea

225 4073 501 4148 circumstantie
528 4087 677 4172 repertu
703 4071 922 4146 difficillimae
951 4095 1165 4145 concurrere
1196 4068 1341 4144 debent.
1382 4065 1538 4140 Musculi
1579 4065 1716 4166 proprii

224 4192 415 4293 utriusque
435 4191 572 4284 labelli,
598 4205 737 4265 erector
758 4195 973 4292 superioris,
997 4195 1153 4266 maxime
1176 4204 1262 4263 suut
1285 4189 1457 4264 distincti.

271 4314 357 4389 Post
372 4312 553 4388 musculos
568 4313 725 4413 eorporis
743 4326 781 4385 et
795 4316 883 4420 oris,
899 4313 1001 4387 nobis
1015 4312 1134 4385 adhuc
1151 4313 1211 4384 aui
1231 4308 1388 4384 musculi
1404 4304 1632 4382 examinandi
1649 4329 1713 4382 vc-

223 4433 496 4510 niuntAEtenim
505 4432 830 4509 necclitellumuec
838 4432 980 4534 papillae
992 4425 1713 4531 exhibentpeculiaresmusculos;·exinde

225 4552 321 4629 orani
337 4554 481 4655 proprio
492 4566 594 4626 motu
607 4566 694 4628 sunt
709 4552 890 4646 destituti,
905 4552 1064 4652 exceptis
1078 4563 1201 4623 tamen
1220 4549 1290 4623 illis
1307 4548 1463 4625 motibus
1481 4548 1599 4647 quiin
1615 4546 1713 4621 inte-

224 4699 285 4775 gro
294 4697 444 4774 corpore
459 4686 668 4749 occurrunt.
681 4671 817 4748 Eadem
826 4671 1010 4751 observavi
1022 4672 1140 4774 quoad
1151 4696 1283 4770 organa
1295 4671 1535 4771 generationis
1546 4680 1708 4742 externa.
