4244 5850
909 551 1038 650 (99)

275 714 365 822 Ejus
381 717 481 794 fibras
497 732 584 794 sunt
604 714 902 817 longitudinales,
924 714 1123 816 paralleloe,
1149 715 1377 817 &vergentes
1402 721 1652 799 tantummodo
1679 725 1724 800 ,d
1758 745 1854 803 sits..

222 857 367 955 partem
393 842 548 917 musculi
569 843 803 930 anteriorem,
827 838 890 912 ubi
909 839 1143 942 conjungitur
1166 865 1249 914 cum
1270 841 1435 916 musculo
1457 847 1602 944 proprio
1623 845 1721 921 labii.

276 982 401 1086 Margo
420 985 499 1087 ejus
516 972 673 1058 anterior
693 984 844 1057 estsere
865 983 1090 1076 rectilineus,
1114 984 1375 1078 transversalis,
1397 988 1563 1062 musculo
1577 993 1723 1090 proprio
1757 1003 1903 1081 margines.

225 1104 420 1182 subserens.
434 1106 613 1206 lllargines
628 1104 791 1178 laterales
808 1117 1051 1202 convergunt,
1066 1126 1142 1177 sese
1158 1103 1346 1204 dirigendo
1361 1129 1483 1182 versus
1497 1111 1724 1185 intersectio—

225 1250 311 1301 nem
333 1228 443 1327 primi
465 1240 531 1299 aut
553 1225 703 1300 secundi
726 1224 871 1316 annuli,
896 1239 934 1297 et
956 1224 1151 1325 divergunt
1171 1250 1193 1298 e
1214 1227 1356 1320 contri,
1385 1231 1580 1328 parvulum
1602 1234 1725 1308 sinum

225 1346 465 1439 alternando,
486 1348 531 1421 ad
549 1330 627 1444 eius
640 1349 798 1447 apicem,
823 1345 885 1421 ubi
909 1359 995 1419 sunt
1010 1346 1156 1420 rotundi
1180 1359 1217 1419 et
1237 1373 1309 1420 non
1333 1348 1508 1448 depressi,
1528 1354 1583 1425 uti
1603 1355 1642 1426 in
1662 1357 1724 1428 in-

225 1464 350 1543 teriori
372 1482 476 1569 parte
495 1468 627 1542 horum
649 1468 909 1542 musculorum.
939 1470 1062 1569 Margo
1083 1473 1258 1570 posterior
1287 1482 1341 1544 est
1362 1472 1441 1544 sere
1462 1473 1608 1568 nullus,
1639 1488 1723 1550 una

225 1588 413 1666 tummodu
436 1591 689 1663 conimiscetur
707 1583 792 1663 curu
811 1590 881 1663 tela
899 1590 1061 1664 cellulari
1084 1590 1192 1664 densi
1213 1593 1474 1666 intersectionis
1501 1595 1696 1672 annularis.

274 1718 397 1807 l⁴⁴acies
417 1721 580 1833 superior
603 1747 657 1807 cst
678 1733 859 1833 laevigata,
883 1732 1023 1827 lucida,
1046 1733 1195 1834 proedita
1223 1733 1320 1807 libris
1341 1763 1470 1835 parum
1498 1741 1721 1841 conspicuis,
1756 1762 1855 1821 Facies.

216 1838 351 1930 *secatis
374 1857 606 1956 impressione
638 1857 881 1948 transversali,
911 1856 1016 1954 (vide
1038 1859 1084 1944 Ic,
1102 1855 1181 1952 fig.
1213 1858 1231 1926 1
1258 1870 1297 1928 et
1321 1858 1357 1928 2.
1386 1859 1463 1931 tob.
1488 1846 1603 1959 IV)
1639 1886 1723 1961 quae

224 1976 390 2051 musculo
413 1976 586 2081 majorem
614 1972 743 2078 agendi
774 1972 977 2051 libertatem
1006 1981 1201 2078 permittit,
1232 1984 1305 2051 bon
1333 1991 1454 2052 tamen
1481 1982 1558 2053 sine
1591 1981 1722 2056 damno

225 2097 280 2174 vis
299 2097 457 2198 quicum
480 2099 566 2198 agit.
590 2098 712 2199 Facies
726 2098 877 2173 inferior
896 2102 971 2173 sive
990 2101 1132 2173 iuterna
1149 2099 1291 2174 easdem
1311 2099 1501 2174 relationes
1522 2102 1722 2203 eademque

224 2219 387 2310 etiteria,
410 2220 476 2291 etsi
499 2221 619 2292 minus
641 2219 831 2311 distincta,
855 2218 1013 2292 exhibet.

275 2359 543 2434 Communicat:
568 2366 608 2432 1⁰
631 2363 743 2435 latere
766 2365 954 2454 anteriori,
979 2388 1062 2436 cum
1081 2360 1245 2434 musculo
1267 2362 1411 2460 proprio
1431 2351 1535 2454 labii,
1558 2364 1599 2433 2⁰
1622 2389 1720 2436 mar·
1754 2392 1921 2451 netarium.

225 2479 369 2581 ginibus
390 2481 616 2574 lateralibus,
640 2483 725 2556 crini
748 2485 979 2556 constrictore
1001 2498 1038 2556 et
1059 2486 1177 2582 p‘rimo
1193 2482 1328 2554 annulo
1345 2484 1522 2581 corporis,
1546 2483 1587 2555 3ο
1609 2483 1722 2558 latere

224 2603 426 2701 posteriori,
447 2629 534 2675 cum
557 2604 715 2683 secundo
740 2604 896 2697 annulo,
925 2607 965 2697 4⁰
993 2606 1084 2677 facie
1108 2604 1300 2702 superiori,
1326 2628 1409 2674 cum
1433 2615 1536 2695 cute,
1560 2602 1600 2677 5ο
1628 2604 1721 2678 facie

224 2722 367 2798 interni
390 2724 464 2801 sive
484 2724 678 2818 interiore,
701 2752 785 2800 cum
804 2726 1014 2800 membranei
1038 2753 1120 2826 quae
1141 2728 1331 2800 cavitatem
1352 2724 1485 2797 oralem
1507 2725 1719 2801 circumdat.

273 2868 317 2943 In
339 2868 554 2968 quibusdam
573 2868 769 2945 individuis
788 2870 932 2968 (nonne
955 2885 1047 2943 esset
1067 2873 1202 2969 species
1223 2867 1440 2966 distinctal)
1462 2867 1634 2960 labellum
1655 2894 1720 2943 su·
1753 2887 1909 2949 monitis.

223 2991 346 3089 perius
367 2990 515 3091 exhibet
535 2991 728 3065 notabilem
753 2993 979 3065 anomaliam.
1003 2992 1173 3082 Etenim,
1206 2991 1348 3061 circiter
1372 2988 1417 3060 ad
1437 3003 1455 3082 t
1479 3003 1617 3088 partem
1645 3015 1719 3094 suae

222 3104 458 3214 longitudinis
471 3111 608 3213 proebet
626 3114 714 3187 duas
732 3116 955 3188 extensiones
973 3111 1154 3202 laterales,
1171 3109 1186 3206 (
1196 3136 1257 3195 cc,
1271 3108 1349 3207 fig.
1369 3108 1392 3201 4
1409 3122 1447 3181 et
1461 3109 1496 3181 5.
1511 3111 1588 3180 tab.
1606 3109 1720 3208 III.)

225 3257 306 3332 quae
323 3258 399 3306 sese
422 3236 461 3305 iu
481 3235 611 3333 spiram
635 3234 827 3334 colligunt,
846 3250 888 3310 ut
907 3236 994 3310 duas
1014 3235 1151 3334 species
1172 3231 1357 3331 ellipsum,
1376 3255 1488 3304 unam
1504 3230 1549 3303 ab
1561 3244 1718 3332 utroque

224 3352 360 3446 latere,
388 3353 590 3427 efforment.
616 3355 690 3428 Illae
718 3359 943 3453 extensiones
966 3369 1089 3429 secant
1114 3370 1151 3429 et
1177 3352 1363 3454 trajiciunt
1393 3350 1601 3425 musculum
1628 3378 1719 3426 con-

223 3473 442 3565 strictcrem,
463 3475 571 3547 itaut
592 3501 673 3575 pars
687 3475 798 3578 hujus
819 3478 883 3578 (f,
908 3480 999 3551 eoed.
1010 3479 1086 3579 fig.
1109 3493 1147 3551 et
1163 3476 1263 3573 tab.)
1281 3475 1325 3549 ab
1343 3476 1385 3547 iis
1399 3474 1616 3550 involvatur.
1641 3462 1717 3550 111ae

224 3594 306 3671 duae
334 3597 515 3695 portiones
543 3611 716 3696 tanquam
755 3601 912 3675 musculi
940 3601 1139 3700 peculiares
1169 3597 1291 3671 haberi
1323 3610 1483 3695 possent,
1513 3598 1543 3667 si
1574 3593 1716 3669 labrum

224 3719 404 3816 superius,
432 3742 506 3791 sese
532 3718 724 3791 dividendo
744 3721 782 3792 in
807 3747 955 3793 massam
982 3721 1139 3794 musculi
1162 3719 1423 3808 constrictoris,
1445 3728 1664 3815 penetraret.

463 3939 516 4033 4⁰.
559 3940 623 4011 De
650 3941 832 4013 Musculo
868 3940 1082 4036 depressere
1117 3939 1215 4011 labit
1245 3935 1461 4031 superioris.

271 4117 341 4198 Hic
360 4099 548 4198 musculus
567 4127 724 4198 occurrit
745 4124 789 4199 ad
811 4140 953 4224 purtem
967 4125 1123 4199 mediam
1140 4127 1183 4198 e't
1202 4110 1410 4197 inferiorern
1427 4120 1532 4214 labii,
1557 4122 1597 4194 in
1615 4121 1713 4194 inte-
1747 4142 1859 4207 Potio.

224 4247 320 4320 rlore
336 4242 497 4322 navitatis
520 4246 640 4339 oralis,
667 4270 776 4346 quam
797 4250 964 4347 superius
985 4250 1023 4319 in
1048 4248 1135 4321 duas
1156 4248 1338 4346 portiones
1360 4244 1523 4318 laterales
1553 4241 1714 4317 dividere

225 4360 379 4441 utetur.
414 4365 539 4440 Prodit
560 4381 732 4467 tanquam
759 4367 905 4443 frenum
928 4382 966 4442 et
986 4368 1112 4441 similis
1140 4381 1193 4442 est
1219 4367 1339 4468 quoad
1358 4365 1499 4440 labrum
1524 4365 1713 4463 superius,

226 4488 369 4563 vincfflo
380 4488 514 4590 lingum
521 4491 559 4563 in
570 4491 737 4565 Homine.
749 4493 932 4595 Cohaeret,
944 4488 1117 4593 margines
1124 4490 1298 4590 superiori
1306 4484 1712 4588 etperpendiculariter,

226 4607 268 4684 td
281 4608 411 4684 faeiem
423 4612 602 4686 internam
614 4611 702 4686 labii
713 4601 922 4712 superioris,
934 4610 972 4687 e't
982 4615 1151 4714 congruit
1160 4632 1244 4687 cum
1256 4610 1351 4704 loco,
1362 4607 1426 4682 ubi
1440 4605 1519 4709 ejus
1527 4606 1712 4682 musculus
