4244 5850
928 509 1038 609 (161
1066 511 1082 611 )
1766 593 1771 602 ἠ

247 684 327 784 figs
346 682 369 757 5
386 679 479 756 aas.
496 675 876 767 tabam-xxa·
887 675 965 777 fig.
984 675 1020 752 5.
1042 676 1120 759 tab.
1140 677 1506 780 XXI-XXIV),
1526 683 1575 756 ita
1597 695 1641 757 ut
1656 682 1749 759 late-

255 805 357 879 ribus
376 801 489 903 hujus
504 801 610 876 nervi
628 800 843 875 innitantur.
866 798 1024 898 Singulis
1045 823 1172 872 aarum
1188 799 1502 876 ramilicationibus
1522 802 1748 898 lateralibus,

256 923 411 1024 singulas
425 944 526 997 venae
540 919 769 1019 pulmonares
783 917 945 1017 praebent
960 917 1102 994 vascula
1115 919 1339 1027 sanguilera,
1355 944 1511 1018 quorum
1526 922 1595 997 alia
1608 925 1750 1000 infinite

255 1042 538 1119 subdividuntur
554 1066 640 1117 curn
662 1039 798 1114 ultimis
815 1037 1129 1112 ramificationibus
1144 1041 1318 1131 nervosis,
1340 1052 1378 1112 et
1399 1040 1467 1114 alia
1487 1067 1572 1119 vero
1589 1058 1749 1144 pergunt

256 1164 302 1237 ad
317 1163 541 1237 membranas
557 1160 797 1236 vesicularum
808 1165 993 1233 aerearum
1008 1172 1051 1232 ut
1061 1160 1272 1258 sauguinem
1289 1163 1371 1232 aere
1383 1139 1600 1236 modificant.
1620 1152 1747 1254 Quum
1764 1164 1901 1221 Numerus
1925 1170 1973 1222 ¹¹³¹·

254 1285 301 1359 de
325 1286 446 1358 nervis
472 1284 628 1381 egimus,
657 1281 813 1352 diximus
836 1278 1043 1353 funiculum
1067 1302 1258 1354 nervosum
1281 1279 1442 1377 prebere
1463 1307 1529 1380 par
1552 1307 1748 1359 nervorum
1761 1248 1972 1292 ‘mmmm'

254 1401 405 1502 singulis
427 1399 775 1500 diaphragmatibus,
807 1413 844 1472 et
868 1399 941 1472 duo
968 1399 1066 1497 paria
1096 1399 1191 1470 inter
1215 1400 1356 1499 singula
1379 1400 1441 1474 illa
1468 1427 1621 1501 organa:
1650 1405 1750 1503 quod

254 1521 402 1598 exhibet
433 1520 508 1611 264
539 1545 667 1596 nervos
696 1518 874 1618 simplices
900 1518 1228 1618 diaphragmatibus
1253 1522 1418 1620 propria,
1452 1535 1490 1594 et
1517 1520 1589 1597 528
1619 1548 1748 1601 nervos

255 1643 398 1718 annulis
421 1641 578 1742 propria.
610 1642 723 1739 Atqui
745 1640 878 1739 singuli
911 1640 964 1712 illi
989 1641 1092 1714 nervi
1122 1665 1250 1715 renam
1281 1640 1414 1713 habent
1435 1643 1635 1740 propriam,
1661 1669 1747 1745 ergo

253 1765 387 1839 harum
414 1760 560 1835 numeri
579 1762 756 1834 terminus
778 1761 918 1835 medius
939 1775 992 1835 est
1020 1763 1104 1840 792.
1128 1760 1286 1860 Singulae
1308 1761 1379 1834 illae
1397 1763 1669 1837 ramilicationes
1687 1765 1749 1838 ul-

253 1887 367 1962 terius
386 1883 685 1975 subdividuntur,
709 1907 781 1982 quo
806 1882 1014 1955 efformatur
1037 1883 1231 1967 reticulum
1255 1883 1456 1954 innumeris
1484 1882 1636 1972 vasculis
1660 1908 1749 1957 con-

252 2019 359 2081 stans.
392 2004 449 2078 Ad
476 2002 701 2079 membranas
729 2002 969 2080 vesicularum
985 2005 1181 2075 aerearum
1209 2000 1335 2076 ultima
1361 2001 1421 2074 illa
1446 2027 1527 2079 vasa
1553 2001 1749 2080 admodum

250 2109 339 2204 tunt
362 2126 567 2226 conspicua.
595 2126 609 2222 ς
617 2122 693 2224 fig.
720 2124 756 2217 a.
780 2117 866 2197 aaa·
885 2124 1035 2197 XXI·
1050 2119 1249 2219 XMV.)

471 2406 597 2474 Tabula
618 2428 772 2472 ammaum
793 2427 963 2492 amnique
980 2407 1223 2493 puotpucmm
1243 2405 1535 2490 rams‘ficotionum:

722 2620 877 2668 nonum.
1437 2621 1594 2670 suimus.
1731 2592 1734 2598 ’

384 2806 475 2873 Vena
497 2824 572 2868 cava
575 2848 1287 2867 ..............

329 2920 333 2929 ·
383 2893 647 2957 Rsmificationes
669 2894 865 2977 pharyngeae
899 2940 905 2955 .
952 2940 959 2954 .
1007 2939 1014 2954 .
1061 2938 1069 2954 .
1103 2903 1124 2954 ·.
1170 2938 1178 2953 .
1224 2937 1232 2953 .
1279 2938 1287 2953 .

311 3031 314 3035 .
383 2982 647 3046 Ramilicationes
668 2983 865 3066 oesophageae
899 3025 1285 3043 ........

383 3069 645 3134 Ramificationes
667 3069 709 3130 ad
732 3070 949 3131 ventriculum
972 3063 1121 3150 propriae.
1169 3115 1176 3128 .
1224 3115 1230 3128 .
1278 3113 1285 3127 .

382 3157 656 3222 Ramilicationes'·
667 3156 868 3220 intestinales
900 3199 1285 3219 ........

382 3246 482 3313 Venae
505 3249 720 3329 pulmonares.
788 3289 1285 3307 ..........

1381 3359 1499 3378 -η

803 3396 805 3398 ’
939 3395 1104 3463 Numam
1123 3415 1285 3464 venarum.
1409 3399 1474 3488 983

496 3703 782 3777 Additamento
806 3701 860 3774 ad
887 3715 1055 3794 systema
1073 3706 1277 3781 ‚vaseulare
1303 3707 1492 3779 arteriale.

299 3883 474 3978 Quasdam
494 3888 643 3984 insuper
667 3884 827 3957 existunt
845 3883 991 3958 vascula
1015 3907 1096 3983 quaa
1115 3884 1160 3958 ad
1187 3902 1337 3985 systema
1361 3888 1526 3962 arteriale
1551 3891 1734 3990 pertinere
1745 3901 1964 3962 Observationes.
2052 3906 2064 3927 '

249 4007 417 4113 arbitror:
438 4007 573 4080 scilicet
593 4004 737 4078 vascula
760 4001 1035 4107 tu'pblosoliana.
1062 4005 1205 4077 Etenim
1233 4033 1340 4106 supra
1364 4008 1612 4109 descripsimus
1631 4037 1741 4109 quas-

248 4119 330 4203 dam
353 4127 627 4237 ramificatioues
646 4123 857 4220 sanguineas
880 4123 1156 4225 longitudinales
1179 4138 1216 4196 ct
1231 4138 1444 4200 transversas
1463 4153 1545 4226 quoe
1562 4129 1741 4229 integram

248 4246 524 4350 amplitudinem
554 4231 767 4345 tuphlosolis·
787 4245 1030 4340 permeabant.
1062 4244 1127 4316 llla
1152 4245 1295 4319 vascula
1325 4246 1583 4323 delineavimus
1608 4250 1687 4348 fig.
1717 4255 1736 4324 1

245 4369 335 4442 ars.
364 4368 441 4439 tall:
469 4365 543 4438 XI
554 4408 576 4418 -
593 4364 691 4436 XII
693 4393 709 4463 ‚f
726 4361 803 4460 fig.
827 4369 861 4435 1.
887 4365 965 4434 tab.
988 4363 1412 4463 XVI-XV115fig.
1442 4370 1477 4439 2.
1503 4367 1580 4439 tab.
1604 4369 1740 4441 XXI-

244 4464 433 4582 XXW
448 4480 534 4560 Haec
548 4480 706 4562 'vascula
719 4473 872 4588 qnorum
897 4485 962 4555 tria
989 4481 1365 4581 suutlongitudinalia
1383 4499 1420 4558 et
1438 4486 1567 4560 faciem
1589 4499 1739 4563 ventra-

243 4596 321 4684 ldin
338 4598 548 4708 tdplilosolis
568 4602 807 4719 p'c'rcurrtiut‚
817 4583 975 4678 interae
991 4604 1265 4679 communicant
1276 4606 1476 4679 innumeris
1493 4606 1569 4681 aliis
1585 4607 1738 4689 vasculis

460 4720 608 4761 ..;,-,;;,
925 4736 927 4741 ,
1401 4726 1440 4770 αι
