4244 5850
835 556 1049 670 ’(193)

274 737 351 818 Cel.
375 737 440 814 De
456 736 688 825 Bloinvr'lle,
712 733 940 836 (Principes
957 731 1099 812 dunat.
1118 759 1265 832 comp„
1285 746 1372 811 tom.
1387 735 1428 811 Ι.
1442 763 1487 837 p.
1503 738 1613 839 177.)
1637 765 1727 816 am.

224 862 358 964 logiam
386 859 499 964 hujus
526 861 659 961 speciei
683 859 777 934 cutis
803 883 890 933 cum
915 855 1173 932 llolluccorum
1195 869 1280 932 cute
1301 859 1534 958 recognoscit.
1569 860 1632 937 Sic
1662 861 1726 941 ille
1742 871 1951 932 euticetem.

225 996 352 1062 auctor
361 982 545 1085 loquitur:
563 983 704 1057 «Mais
717 982 791 1054 elle
803 980 960 1075 estplus
974 980 1104 1065 molle,
1111 982 1206 1076 plus
1218 977 1426 1080 confundus
1436 1008 1528 1055 avec
1540 985 1727 1063 lucouolse

225 1109 481 1197 musculair03
504 1106 536 1178 il
543 1131 579 1202 y
594 1131 620 1177 α
638 1130 684 1178 err
697 1104 857 1203 general
870 1103 991 1174 moins
1008 1101 1054 1174 de
1073 1098 1273 1202 dr‘ffe‘rence
1281 1127 1381 1197 pour
1396 1103 1436 1175 la
1456 1104 1612 1177 solidite
1625 1119 1727 1182 entre

224 1230 320 1304 celle
344 1229 415 1326 qui
436 1240 539 1300 reret
566 1226 621 1298 les
646 1225 911 1297 articulations
933 1238 973 1297 et
992 1225 1177 1321 celle·qui
1185 1222 1315 1323 forme
1342 1226 1441 1298 leurs
1463 1227 1727 1303 intervallos.»

223 1349 326 1425 Idem
336 1347 398 1423 hic
413 1359 540 1422 auctor
555 1358 722 1420 autumat
737 1347 857 1445 spinas
870 1346 945 1422 sive
955 1359 1046 1419 setas
1062 1343 1155 1417 nihil
1171 1369 1266 1439 esse,
1286 1348 1356 1418 nisi
1372 1350 1599 1422 extensiones
1609 1351 1720 1454 hujus
1736 1372 1805 1428 us·
1816 1386 1875 1453 noa
1888 1383 1955 1430 tunt

226 1471 339 1564 matie,
358 1466 666 1569 quemadmodum
681 1465 747 1567 pili
766 1479 803 1540 et
815 1492 950 1541 cornua
965 1466 1004 1538 in
1020 1464 1235 1539 animalibus
1250 1469 1513 1566 superioribus,
1529 1477 1728 1573 systematis
1759 1452 1938 1568 ssffiw

225 1593 373 1668 cutanei
394 1590 645 1666 tantummodo
666 1601 753 1663 sunt
776 1587 1012 1661 extensiones.
1040 1587 1186 1660 -Irisatio
1207 1613 1317 1687 quam
1341 1589 1413 1663 illm
1434 1606 1555 1690 partes
1573 1597 1728 1672 insensi-

225 1713 318 1789 biles
333 1712 526 1807 exhibent‚
543 1713 705 1812 ipsarum
721 1708 921 1810 analogiam
941 1708 1061 1783 adhuc
1081 1722 1191 1810 auget
1207 1736 1292 1785 cum
1312 1725 1397 1787 cute
1408 1716 1612 1813 quae-etiam
1628 1717 1729 1791 iridis

223 1835 407 1912 coloribus
423 1835 582 1909 relucet.
616 1833 687 1908 Sed
713 1832 818 1906 aliter
837 1859 902 1906 nos
925 1831 1129 1933 judicamus
1152 1834 1238 1931 quia
1258 1846 1348 1907 setae
1365 1847 1487 1909 ortum
1513 1836 1656 1913 ducunt
1682 1865 1728 1915 ex

226 1954 415 2058 speciebus
434 1955 653 2056 papillarum
676 1954 936 2029 muscularium
958 1968 996 2028 et
1018 1953 1192 2028 musculis
1213 1957 1371 2056 corporis
1394 1960 1641 2035 continentur.

275 2102 320 2175 In
339 2100 524 2202 plerisque
547 2099 761 2175 animalibus
792 2100 890 2174 color
915 2127 990 2174 non
1015 2115 1142 2175 acute
1165 2099 1319 2200 pendet,
1353 2100 1459 2176 sed-a
1487 2101 1559 2176 telis
1581 2105 1726 2179 mucore
1743 2128 1956 2200 &cumspexit

228 2216 311 2323 quic
329 2222 427 2295 infra
442 2220 543 2295 illam
564 2222 735 2296 occurrit.
758 2221 806 2293 ln
824 2221 1018 2296 Lumbrico
1038 2222 1154 2315 idem,
1178 2222 1297 2322 quoad
1312 2221 1468 2297 colorem
1484 2226 1642 2325 corporis
1662 2252 1730 2328 ge-
1780 2196 1888 2254 ⁰⁰¹⁰¹i⁸'

223 2344 390 2420 -neralem
409 2345 531 2420 locum
553 2343 676 2420 habet.
704 2343 758 2417 Ut
776 2343 1043 2418 demonstretur
1065 2345 1220 2419 colorem
1243 2370 1318 2417 non
1337 2358 1465 2418 acute
1487 2347 1646 2445 pendere
1670 2373 1729 2422 se-

229 2492 346 2568 quens
362 2467 627 2542 instituendum
639 2479 693 2540 est
705 2468 1009 2566 experimentum.
1026 2466 1244 2540 Lumbricus
1253 2465 1487 2541 submittatur
1497 2472 1730 2545 macerationi

224 2590 268 2662 in
295 2588 406 2688 aqui,
429 2614 496 2688 per
522 2589 570 2681 48
590 2588 707 2661 horas.
735 2589 836 2661 Cutis
862 2601 942 2660 tum
970 2588 1134 2688 undique
1160 2588 1314 2661 decidet.
1341 2590 1523 2663 {Efformat
1540 2593 1729 2668 sacculum

228 2706 370 2783 duabus
385 2709 563 2809 aperturis
575 2709 788 2809 praeditum,
802 2735 876 2810 quo
892 2724 1044 2785 stratum
1060 2710 1266 2786 musculare
1282 2711 1491 2786 immediate
1508 2717 1727 2790 continetur.
1745 2721 1923 2804 Experimen-

228 2830 439 2932 Replicatur
460 2832 505 2906 ad
526 2859 639 2906 anum
661 2846 699 2905 et
722 2858 760 2904 os
781 2846 824 2905 ut
852 2833 1017 2905 efformet
1045 2832 1223 2907 rellexum
1251 2833 1439 2906 internum
1454 2846 1501 2905 ‘et
1528 2834 1729 2930 circulare,
1749 2802 1956 2849 commearem.

222 2952 243 3052 (
254 2953 420 3052 videflg.
438 2957 482 3046 l,
502 2957 542 3046 2,
562 2955 597 3026 3.
617 2954 695 3025 tob.
711 2954 826 3025 XIX
836 2954 893 3035 bis
906 2996 929 3008 -
940 2954 1125 3048 XXII.)
1147 2951 1249 3025 Cutis
1265 2966 1319 3024 est
1333 2952 1468 3047 albida,
1491 2956 1729 3052 translucida,

229 3073 459 3164 tenuissima3
481 3074 518 3145 in
542 3073 713 3171 seipsam
735 3072 925 3171 replicata,
951 3086 1004 3145 est
1025 3097 1135 3173 opaca
1152 3086 1216 3147 aut
1234 3073 1470 3165 translucida,
1488 3074 1736 3157 albidoniveo,

230 3194 349 3268 colore
372 3192 512 3268 induta.
540 3195 739 3294 Imaginem
760 3194 873 3266 refert
894 3194 952 3267 ori
970 3193 1164 3267 albuminis
1182 3195 1352 3267 concreti.
1378 3192 1434 3266 Ad
1454 3195 1729 3297 microscopium

230 3326 419 3414 conspecta
442 3314 532 3413 (fig.
562 3315 625 3412 3.)
659 3313 738 3414 ejus
764 3325 907 3385 textura
936 3324 991 3385 est
1016 3338 1234 3414 magnopere
1256 3314 1496 3388 filamentosa:
1529 3314 1608 3417 ejus
1632 3316 1730 3394 fibrae
1748 3305 1921 3381 0r8⁸¹¹i⁸²tio

229 3450 317 3512 sunt
337 3434 526 3528 subflavae3
552 3435 657 3508 variis
679 3433 793 3506 modis
815 3433 1093 3508 anastomosibus
1115 3433 1317 3535 conjunctae
1341 3448 1528 3535 apparent.
1789 3386 1870 3431 Μ’

282 3554 426 3628 Colores
442 3553 611 3628 metallici
628 3553 760 3654 quibus
777 3552 962 3628 Lumbrici
979 3552 1265 3656 distinguuntur,
1282 3555 1460 3630 debentur
1480 3560 1729 3652 tantummodo
1745 3584 1854 3640 Colores
1875 3604 1928 3643 me

229 3675 430 3779 epidermi,
458 3703 557 3776 quse,
587 3702 703 3776 quum
727 3703 748 3748 a
775 3703 923 3776 corpore
951 3681 1190 3753 maceratione
1216 3679 1331 3752 soluta
1358 3692 1396 3751 et
1421 3679 1616 3756 reflexione
1642 3709 1729 3783 per·
1787 3654 1885 3710 saniei.

229 3800 397 3899 spiritur,
418 3797 557 3871 relucet
578 3797 744 3872 omnibus
764 3799 864 3874 iridis
885 3798 1084 3894 coloribus,
1108 3804 1219 3872 instar
1239 3803 1359 3873 tenuis
1379 3800 1524 3876 laminae
1547 3803 1649 3876 micae
1664 3818 1729 3879 aut

230 3920 344 3995 bullae
365 3922 516 4020 saponis.
542 3920 702 3994 Effectus
727 3923 827 3993 strati
853 3921 1065 3995 muscularis
1090 3923 1154 3996 hos
1178 3922 1327 3995 luminis
1352 3947 1583 4021 repercussus
1610 3925 1730 4001 adhuc

231 4041 411 4141 adaugere
435 4055 563 4141 potest.
602 4042 688 4115 Haec
714 4043 848 4114 irisatio
875 4044 988 4142 igitur
1015 4043 1137 4118 differt
1164 4070 1185 4117 a
1213 4042 1330 4117 colore
1365 4042 1529 4116 animalis
1561 4049 1706 4146 proprio
1718 4103 1729 4142 ,

231 4166 297 4265 qui
323 4178 443 4239 ortum
466 4165 505 4235 in
525 4163 595 4236 telis
618 4163 763 4237 mucosa
785 4164 898 4238 ducit.

283 4288 486 4388 Epidermis
506 4266 549 4360 eo
570 4286 676 4360 modo
703 4286 818 4361 soluta
840 4287 960 4362 adhuc
979 4302 1097 4367 servat
1118 4286 1266 4388 vestigia
1288 4288 1584 4362 intersectionum
1606 4313 1727 4363 annu-
1760 4384 1763 4390 Ι

232 4410 378 4484 larium.
1761 4432 1827 4488 ara
1849 4436 1918 4516 ests.

283 4529 364 4605 Alia
391 4533 485 4606 cutis
505 4530 645 4605 functio
665 4532 705 4604 in
731 4557 773 4605 eo
796 4545 959 4607 versatur
987 4545 1030 4604 ut
1056 4532 1254 4606 secretione
1281 4529 1470 4630 perhibeat
1493 4528 1728 4605 substantiam
1780 4502 1898 4559 functio.

227 4678 436 4747 mucosum,
463 4654 535 4752 qula
563 4652 748 4728 Lumbrici
773 4678 838 4729 sua
863 4654 1039 4730 foramina
1060 4652 1297 4731 circumdant.
1330 4651 1439 4726 Unde
1464 4653 1581 4747 venit,
1609 4653 1729 4754 inquit
