4244 5850
925 550 1052 653 (91)

218 717 507 811 semicirculum,
553 715 658 820 quus
690 702 906 791 convexitas
934 741 1059 793 versus
1092 743 1205 793 anum
1244 728 1415 796 conversa
1448 734 1524 815 est,
1562 720 1662 820 (rid.
1697 723 1725 796 I.

214 842 293 942 fig
318 846 352 913 1.
379 842 458 913 tob.
476 840 572 912 XV
569 840 707 939 III)
730 866 811 940 quae
831 841 987 914 incisura
1012 854 1166 941 occupat
1186 841 1364 978 integram
1388 840 1617 918 latitudinem
1635 842 1730 917 duo-

224 990 308 1039 ιιιιιι
338 960 600 1035 musculorum
617 959 938 1060 longitudinalium
963 963 1182 1054 dorsalium,
1220 976 1257 1037 et
1286 961 1399 1065 major
1421 962 1501 1064 ejus
1528 968 1730 1042 concavitas

224 1086 384 1161 occurrit
404 1085 443 1155 in
466 1081 565 1156 linea
585 1082 749 1155 mediana
766 1083 915 1155 dorsali:
940 1083 1033 1156 illa
1024 1087 1182 1159 incisura
1198 1085 1373 1184 impletur
1393 1085 1630 1160 cellulositate
1648 1114 1730 1188 quac

224 1205 434 1282 musculum
459 1203 673 1277 annularem
696 1203 886 1301 obliquum
913 1205 1127 1278 circumdat.

274 1328 399 1428 Margo
410 1329 584 1427 posterior
595 1326 743 1400 exhibet
754 1326 800 1398 ad
810 1339 950 1424 partem
963 1354 1065 1401 suam
1081 1326 1282 1402 ventralem
1295 1340 1451 1425 quatuor
1462 1330 1561 1403 sinus
1576 1331 1651 1405 sive
1668 1332 1729 1405 in·
1746 1365 1841 1436 Margo
1861 1378 1948 1435 poue.

227 1453 360 1525 ciauras
370 1448 582 1539 levissimas,
594 1448 656 1520 sed
668 1449 780 1547 magis
787 1471 927 1545 asperas
939 1473 1048 1545 quarn
1061 1449 1139 1539 ills,
1156 1448 1229 1547 quia
1242 1448 1335 1521 latus
1347 1452 1508 1522 anterius
1519 1453 1726 1527 instruitur.
1802 1437 1867 1487 ἠοῖ·

226 1571 274 1645 Ηί
294 1571 394 1643 sinus
422 1582 632 1667 congruunt
654 1594 740 1640 cum
762 1566 922 1640 seriebus
942 1567 1266 1667 longitudiualibus
1291 1568 1428 1667 pedum
1450 1572 1525 1645 sive
1554 1586 1725 1647 setarum.

226 1690 371 1765 Simbus
387 1690 633 1789 praetermissis
656 1689 767 1761 latera
790 1688 921 1761 horum
947 1687 1195 1760 musculorum
1217 1701 1303 1760 sunt
1321 1689 1519 1762 rectilinea.

273 1813 426 1887 Facies
416 1826 558 1885 interna
579 1824 632 1884 est
647 1810 829 1908 laevigata,
857 1808 955 1880 fibris
976 1811 1058 1881 satis
1080 1810 1255 1882 distinctis
1276 1810 1442 1907 predita,
1468 1815 1610 1886 interna
1632 1812 1727 1912 poli-
1740 1829 1832 1884 Facies
1842 1840 1955 1885 exrema

227 1935 295 2008 tior
316 1933 437 2006 adbuc
462 1947 535 2023 est,
567 1946 604 2004 et
623 1929 702 2032 ejus
725 1930 823 2002 librae
846 1930 924 2002 fere
946 1933 1101 2029 perspici
1121 1956 1194 2003 non
1219 1945 1381 2029 possunt.
1760 1910 1786 1952 ⁹¹
1803 1899 1920 1953 iuterna

273 2058 348 2131 Illae
372 2056 469 2129 [ibrae
490 2054 590 2152 (vid.
615 2054 695 2126 ddcl
698 2105 712 2140 ,
722 2044 727 2049 ’
726 2052 805 2151 fig.
823 2055 859 2123 2.
886 2053 964 2123 tob.
987 2052 1163 2125 XVIII
1182 2053 1265 2150 bis)
1289 2065 1375 2125 sunt
1400 2050 1554 2153 obliquae
1572 2054 1727 2153 (exinde
1755 2080 1852 2136 Fibra.

228 2180 494 2253 sciturnomen
522 2174 771 2249 musculorum
795 2176 1040 2245 annulorium
1056 2175 1339 2273 obliquorum),
1371 2175 1656 2275 progrediuntur
1683 2180 1729 2252 ab

226 2301 394 2376 anteriori
407 2311 509 2398 parte
525 2294 572 2401 ad
586 2297 837 2394 posteriorem,
864 2309 901 2368 et
918 2322 938 2367 a
952 2297 1129 2394 superiori
1148 2294 1194 2366 ad
1209 2294 1441 2388 inferiorem3
1466 2298 1637 2371 ridentur
1653 2324 1728 2375 csse

194 2455 199 2465 ·
227 2418 505 2522 longitudinales
531 2442 655 2492 versus
679 2415 812 2488 lineam
833 2416 1038 2488 medianam
1061 2415 1247 2488 dorsalem.
1277 2415 1433 2490 Maxime
1461 2418 1617 2493 risibiles
1643 2435 1729 2494 sunt

227 2556 265 2619 et
279 2544 318 2616 in
339 2539 556 2642 quibusdam
580 2535 736 2609 motibus
759 2539 917 2635 corporis
943 2536 1134 2610 observatu
1157 2536 1350 2609 facillimis.
1436 2532 1440 2543 ’

246 2665 436 2737 Directio
464 2659 711 2733 musculorum
743 2657 976 2731 annularium
1007 2656 1237 2758 obliquorum
1268 2657 1394 2731 eadem
1422 2672 1477 2732 est
1503 2687 1545 2733 ac
1576 2662 1726 2737 directio
1744 2680 1865 2737 Direeuo
1910 2694 1937 2738 ιι

227 2784 539 2861 transversalium:
567 2807 693 2855 eorum
715 2779 906 2853 relationes
934 2806 1007 2854 non
1032 2779 1191 2854 multum
1219 2778 1405 2853 differunt.
1432 2780 1548 2879 Supra
1573 2795 1611 2855 et
1632 2784 1728 2857 infra
1771 2750 1925 2812 relatione·

208 2920 312 2983 eunt
334 2904 490 2997 caedem3
518 2901 713 2975 lateraliter
730 2903 999 2974 communicant
1026 2901 1261 2975 cellulositate
1283 2896 1602 2976 tenuissimarum
1626 2931 1728 2980 mus-

226 3027 317 3103 culis
337 3021 574 3099 annularibus
599 3018 906 3096 transversalibus.

273 3147 313 3221 si
334 3148 489 3218 Ductus
517 3142 772 3238 Respiratorii
798 3138 1047 3214 extenduntur
1073 3143 1171 3215 inter
1196 3141 1284 3215 duas
1311 3142 1447 3238 species
1475 3143 1725 3223 musculorum
1762 3167 1842 3223 ιιιιιι.

226 3266 477 3357 annularium,
512 3277 635 3357 motus
658 3261 907 3335 musculorum
933 3262 1163 3361 obliquorum
1193 3263 1413 3363 respondent
1440 3265 1518 3338 sine
1543 3264 1654 3340 dubio
1681 3268 1727 3343 ad

225 3403 345 3465 motus
371 3385 676 3462 transversalium.
713 3383 834 3481 (Vide
861 3399 971 3484 caput
1003 3386 1048 3461 de
1076 3384 1233 3458 Motibus
1263 3385 1396 3459 borum
1432 3386 1727 3488 musculorum.)

224 3510 339 3585 Instar
358 3506 605 3582 musculorum
625 3505 934 3599 transversalium‚
962 3505 1099 3607 obliqui
1122 3505 1288 3606 praebent
1314 3504 1555 3581 diversitatem
1578 3510 1727 3582 relatio-

226 3658 315 3711 num
332 3659 353 3704 a
372 3632 412 3706 3⁰
424 3654 541 3730 usque
554 3626 599 3701 ad
618 3631 719 3701 18¹²ffl
734 3628 925 3702 annulum.
942 3628 1092 3729 Obliqui
1108 3628 1206 3700 enim
1221 3625 1359 3698 nedum
1376 3625 1511 3699 directe
1525 3643 1727 3726 congruant

228 3778 311 3828 cum
339 3749 491 3850 singulis
522 3747 720 3824 intervallis
751 3749 846 3822 inter
876 3749 949 3822 duo
975 3750 1246 3849 diaphragmata
1276 3746 1531 3845 subsequentia
1559 3775 1727 3851 compre-

226 3873 362 3976 hensis,
390 3867 697 3971 quemadmodum
719 3868 788 3940 hoc
815 3868 937 3942 locum
956 3869 1066 3943 habet
1090 3872 1130 3942 in
1156 3871 1296 3967 integra
1317 3866 1547 3967 longitudine
1568 3873 1726 3969 corporis

227 3998 338 4071 018⁰
363 3991 499 4066 annulo
529 3989 718 4089 usquead
747 4016 880 4083 anum,
914 3990 1094 4063 alternant
1123 4017 1144 4063 e
1171 4002 1412 4063 contra'cum
1436 3988 1499 4061 illo
1530 4003 1568 4063 et
1598 4014 1725 4064 eorum

226 4115 388 4191 medium
416 4138 501 4186 cum
535 4108 823 4210 uuiuscujusque
854 4110 1134 4210 diaphragmatis
1159 4108 1254 4184 lineis
1285 4110 1488 4182 insertionis
1520 4109 1721 4209 colligatur.

228 4234 343 4336 (Vide
369 4235 410 4307 in
432 4229 523 4340 def,
538 4232 615 4331 fig.
645 4231 680 4304 3.
711 4231 789 4302 tab.
813 4233 989 4307 XVIII
1004 4233 1104 4330 bis.)
1219 4300 1221 4305 .

471 4451 524 4525 3⁰.
566 4451 632 4523 De
660 4451 844 4521 musculis
877 4416 1222 4549 longitudinalibus
1251 4449 1333 4523 sive
1359 4452 1484 4522 rectis.

290 4635 434 4715 Nomen
460 4634 713 4708 musculorum
735 4632 1071 4732 longitudinalium
1093 4633 1169 4711 aire
1197 4643 1379 4706 rectorum
1405 4628 1526 4706 tribuo
1551 4629 1723 4707 musculis
1739 4646 1882 4705 Definitio.
