4244 5850
1076 470 1089 499 .

803 573 806 580 “
899 532 1010 649 (141
1038 550 1055 650 )

223 717 447 818 peculiarem
474 718 679 795 nutriendis
704 715 841 793 fetibus
874 716 1065 809 idoneam,
1097 714 1204 808 dicit,
1234 714 1386 812 siugulis
1413 715 1729 792 intersectionibus

221 838 481 931 annularibus,
514 840 606 915 illud
627 865 804 941 organum
831 838 1057 939 perforatum
1080 863 1155 912 esse
1184 837 1422 912 foraminibus
1448 837 1630 934 ovalibus,
1654 866 1730 914 uno

223 959 271 1035 al)
287 975 446 1063 utroque
468 963 604 1058 latere;
633 963 695 1037 illa
717 962 894 1036 foramina
920 973 1047 1060 utpote
1066 961 1107 1033 in
1129 960 1224 1034 facie
1246 960 1375 1034 dorsali
1404 963 1537 1061 posita,
1561 989 1731 1038 commu-

224 1085 348 1158 nicare
378 1111 463 1160 curn
490 1100 639 1159 externa
669 1097 773 1184 parte
803 1084 965 1156 intestini
996 1080 1101 1185 cujus
1117 1132 1120 1137 -
1136 1080 1346 1156 membrana
1384 1086 1493 1157 etiam
1522 1076 1730 1184 perforatur

224 1202 464 1280 foraminibus
487 1208 525 1279 in
549 1206 636 1280 locis
656 1201 1053 1305 correspondentibus,
1083 1215 1121 1275 et
1145 1202 1303 1302 denique
1329 1203 1407 1277 haec
1436 1206 1614 1279 foramina
1639 1232 1730 1280 con-

225 1353 358 1430 gruere
390 1356 476 1404 cum
514 1329 664 1403 sacculis
690 1325 972 1401 membranaceis
1005 1324 1102 1397 fetus
1131 1323 1422 1420 continentibus,
1453 1341 1523 1401 etc.
1566 1330 1623 1402 De
1659 1329 1730 1403 hoc

223 1452 409 1551 speciatim
433 1454 473 1524 in
497 1453 613 1550 capite
634 1451 679 1523 de
702 1449 934 1549 generatione
963 1471 1124 1546 agemus.

274 1571 359 1645 Huc
386 1597 505 1671 usque
531 1570 671 1645 nullam
702 1581 909 1668 aperturam
933 1566 1156 1666 peculiarem
1186 1594 1255 1642 nec
1287 1571 1326 1642 in
1356 1571 1547 1670 superficie
1579 1572 1731 1645 externi

224 1693 387 1767 intestini
408 1697 532 1768 necin
552 1692 701 1767 externa
722 1689 931 1792 typhlosolis
950 1691 1163 1789 reperimus.
1190 1691 1227 1762 Si
1249 1692 1375 1766 revera
1393 1693 1572 1784 existunt,
1596 1691 1732 1767 debent

225 1813 416 1890 occurrere
428 1818 524 1890 inter
540 1816 702 1894 valvulas
717 1829 754 1889 et
765 1813 1066 1889 extumescentias
1081 1813 1156 1888 sive
1168 1813 1311 1888 vascula
1329 1814 1494 1914 hepatica
1511 1815 1731 1890 membranae

225 1936 399 2011 intestini.
424 1937 500 2010 Cel.
517 1939 645 2010 Home
660 1936 758 2010 solus
772 1935 817 2009 de
834 1935 905 2008 illis
927 1935 1000 2027 fuit
1018 1935 1163 2010 locutus
1185 1936 1337 2037 illasque
1361 1940 1497 2038 optime
1522 1938 1729 2013 delineavit.

230 2048 235 2057 ’
274 2059 478 2135 Relationes
507 2060 716 2161 typhlosolis
750 2086 834 2133 cum
863 2060 992 2132 ceteris
1023 2061 1165 2158 organis
1191 2073 1298 2133 sunt:
1327 2062 1494 2160 superius
1525 2087 1612 2135 cum
1637 2062 1731 2136 facie
1750 2075 1917 2132 notationes.

226 2181 355 2256 dorsali
370 2183 557 2274 intestini,
578 2183 733 2256 inferius
757 2208 841 2255 cum
865 2182 1018 2254 cavitate
1035 2183 1255 2276 intestinali,
1281 2196 1484 2256 antrorsum
1509 2210 1595 2257 cum
1615 2184 1733 2259 ductu

225 2294 430 2379 sinuoso'de
453 2331 526 2404 quo
548 2330 633 2378 mox
658 2329 826 2403 agemus,
847 2317 1046 2377 retrorsum
1068 2331 1153 2378 cum
1175 2317 1278 2404 parte
1298 2305 1460 2378 intestini
1482 2331 1564 2405 quae
1587 2307 1733 2381 tenuior

225 2426 364 2521 evadit,
393 2428 443 2500 ita
468 2440 510 2500 ut
533 2453 607 2499 non
628 2425 784 2526 amplius
804 2428 873 2499 nisi
894 2428 1013 2505 levem
1039 2426 1286 2500 membranam
1309 2428 1490 2501 exhibeat.

272 2549 351 2624 Hoc
379 2576 556 2650 organum
579 2549 671 2621 mihi
696 2550 811 2622 visum
836 2563 889 2622 est
918 2548 1089 2648 quasdam
1112 2549 1234 2624 subire
1257 2551 1474 2625 variationes
1493 2577 1575 2651 quae
1597 2552 1734 2650 optime
1754 2559 1938 2618 variationes.

223 2662 484 2772 perspiciebant
508 2671 707 2772 praesertim
732 2672 770 2742 in
792 2669 994 2743 Lumbricis
1015 2672 1077 2770 qui
1099 2672 1137 2745 in
1159 2672 1281 2748 servili
1304 2672 1420 2747 veluti
1441 2674 1647 2748 conditione
1668 2698 1735 2775 per

224 2794 364 2895 aliquot
385 2820 527 2869 menses
551 2795 799 2868 versabantur.
821 2795 879 2864 An
904 2792 965 2866 ille
986 2807 1099 2867 status
1118 2793 1276 2893 aliquam
1296 2794 1412 2867 morbi
1433 2796 1591 2895 speciem
1611 2793 1735 2870 deter-

224 2919 398 3009 minaret,
421 2919 560 3018 ignoro.
587 2918 629 2989 ln
647 2916 805 3017 quodam
825 2913 1040 3008 Lumbrico,
1062 2942 1172 3016 quem
1196 2919 1309 3017 spatio
1329 2918 1351 2992 3
1369 2919 1569 3010 mensium,
1586 2919 1624 2990 in
1644 2944 1735 2992 con-

225 3042 319 3139 clavi
339 3041 473 3136 calido,
494 3042 627 3143 hyeme
649 3043 821 3133 ineunte,
845 3052 1052 3130 tenueram,
1072 3065 1154 3138 pars
1172 3041 1329 3114 anterior
1350 3038 1560 3140 typhlosolis
1576 3042 1733 3114 maxime

225 3162 371 3262 dilatata
403 3177 499 3254 erat,
533 3188 733 3264 compressa
766 3165 867 3263 etin
895 3164 1041 3262 zigzog
1066 3176 1251 3254 contorta,
1282 3162 1374 3261 (fig.
1408 3162 1444 3234 b.
1476 3162 1555 3234 tab.
1583 3163 1679 3233 XV
1678 3162 1707 3234 Ι
1711 3204 1735 3217 -

225 3286 382 3385 XVII.
396 3285 429 3384 );
454 3285 569 3360 donec
591 3312 673 3386 pars
697 3286 870 3384 posterior
895 3281 1099 3384 comparate
1122 3284 1354 3375 tenuissima,
1378 3296 1456 3357 erat
1476 3295 1595 3375 recta,
1615 3283 1735 3382 cylin-

226 3407 345 3500 drica,
372 3407 519 3481 tandem
542 3409 667 3479 conica
695 3406 741 3480 ad
764 3404 841 3509 ejus
869 3409 1149 3481 extremitatem.
1184 3405 1241 3480 Ad
1261 3408 1419 3507 priorem
1444 3420 1587 3507 partem
1611 3405 1736 3482 obser-

225 3517 355 3602 vabam
382 3528 532 3629 papillas
556 3542 620 3601 aut
647 3528 861 3602 carunculas
887 3527 1019 3620 flavas,
1047 3529 1189 3615 densas,
1216 3528 1465 3628 irregulariter
1492 3528 1678 3628 dispositas
1698 3542 1734 3604 et

227 3650 453 3731 transversali
482 3649 589 3723 modo
615 3648 660 3721 ab
687 3650 829 3723 interni
858 3664 961 3750 parte
984 3649 1029 3722 ad
1055 3664 1245 3724 externam
1273 3675 1350 3724 sese
1378 3650 1634 3745 extendentes;
1662 3650 1735 3727 filt-

227 3770 378 3861 formes,
400 3772 541 3870 exiguae
563 3784 599 3844 et
622 3784 748 3844 tentres
766 3795 889 3844 versus
910 3783 1076 3845 centrum
1096 3773 1241 3871 organi,
1259 3771 1460 3847 evadebant
1476 3772 1732 3865 tuberculosae,

226 3916 385 3992 magnae,
405 3891 523 3964 deusae
543 3892 589 3964 ad
611 3894 790 3992 margines
812 3891 988 3966 laterales.
1017 3892 1092 3967 Illae
1111 3893 1276 3995 papillae,
1297 3893 1418 3993 quoad
1440 3895 1732 3985 consistentiam,

228 4014 404 4105 colorem,
432 4029 526 4106 etc,
556 4029 660 4088 eraut
687 4017 837 4088 omnino
864 4015 997 4087 similes
1026 4014 1198 4090 ductibus
1219 4015 1399 4116 hepaticis
1425 4000 1644 4089 membranae
1666 4039 1734 4089 ex-

228 4149 340 4210 ternae
363 4138 538 4210 intestini.

275 4258 316 4331 ln
341 4257 411 4331 alio
433 4257 622 4332 individuo
643 4283 752 4357 quem
773 4259 901 4333 eodem
926 4273 1088 4359 tempore
1110 4275 1148 4333 et
1168 4259 1297 4335 eidem
1318 4261 1457 4335 ratione
1490 4239 1729 4350 nutriveram,

227 4379 450 4481 reperiebam
479 4378 717 4480 typhlosolem
746 4380 893 4452 omnino
920 4381 1185 4457 conformatum
1207 4396 1388 4482 tanquam
1406 4384 1444 4455 in
1469 4381 1665 4457 Lumbrico
1685 4382 1733 4458 de

227 4482 300 4600 quo
319 4529 401 4575 sum
419 4502 575 4576 locutus.
599 4501 669 4576 Sed
686 4500 730 4574 ab
745 4500 809 4574 illo
825 4498 1014 4575 differebat
1029 4502 1068 4572 in
1091 4526 1135 4574 eo
1155 4501 1256 4602 quod
1269 4529 1352 4605 pars
1375 4503 1533 4577 anterior
1549 4529 1623 4577 non
1639 4521 1731 4578 essct

226 4621 338 4699 libera
366 4625 405 4699 in
430 4624 583 4697 cavitate
609 4620 808 4696 intestinali
834 4634 871 4696 et
903 4622 1052 4696 omnino
1079 4624 1290 4720 terminata,
1317 4623 1380 4698 sed
1413 4623 1622 4699 immediate
1648 4623 1729 4699 loho
