4200 5842
857 549 1011 647 (173)

183 721 325 794 Verum
346 731 400 791 est
418 717 680 816 phaenomenon
702 713 957 812 coagulationis
975 715 1159 812 sanguinis
1180 716 1303 788 venosi
1326 713 1496 810 exhibere
1514 740 1681 818 magnam

187 841 386 938 analogiam
413 862 496 909 cum
524 835 594 908 illis
613 860 701 933 quae
714 834 935 929 deterrimum
958 835 1021 907 sed
1040 834 1132 906 nihil
1153 833 1281 933 probat
1304 837 1530 909 existentiam
1550 837 1683 936 globu-

186 962 305 1034 lorum
327 959 608 1058 sanguineorum
630 959 669 1028 in
694 956 895 1030 Lumbrieis
922 971 994 1029 tam
1022 955 1209 1030 evidenter
1233 980 1342 1054 quam
1370 959 1409 1028 in
1438 960 1575 1031 caeteris
1600 961 1682 1030 ani·
1743 943 1745 949 ¹

186 1078 340 1152 malibus
361 1078 588 1177 perspicuam
614 1077 746 1148 factam
768 1077 891 1149 fuisse.
924 1142 928 1150 .

235 1202 362 1292 Quum
390 1198 435 1271 ab
461 1198 572 1270 alteri
603 1212 705 1296 parte
737 1200 921 1271 considero
944 1200 1155 1271 relationem
1182 1198 1365 1294 sanguinis
1399 1222 1482 1269 cunr
1516 1197 1682 1270 vesiculis

178 1324 317 1413 sireis,
352 1337 425 1393 non
455 1320 609 1420 amplius
636 1319 791 1390 mirabor
820 1345 985 1417 magnam
1015 1319 1105 1389 aeris
1138 1318 1374 1415 quantitatem
1401 1342 1511 1414 quam
1538 1304 1683 1416 sanguis

186 1441 361 1515 absorbet.
389 1440 534 1511 Etenim
566 1439 754 1510 existentia
778 1440 850 1510 228
882 1438 1121 1512 vesicularum
1148 1437 1192 1509 ad
1221 1438 1436 1510 serationem
1463 1463 1523 1509 sex
1552 1463 1682 1512 vascu-

185 1563 303 1635 lorum
321 1562 587 1659 praecipuorum
613 1559 877 1651 confectarum,
901 1558 1073 1632 volumen
1093 1571 1263 1630 mutuum
1287 1558 1417 1631 harum
1441 1558 1681 1631 vesicularum

186 1682 390 1779 horumque
415 1679 662 1769 vasculorum,
687 1680 804 1751 omnia
827 1678 888 1753 illa
915 1679 960 1751 ad
982 1692 1139 1751 nostram
1166 1679 1372 1777 opinionem
1394 1679 1612 1752 firmandum
1641 1681 1681 1750 iu

188 1803 349 1876 medium
373 1800 592 1900 procedunt.

740 2072 905 2146 SECTIO
956 2075 1123 2147 SEXTA.

596 2282 687 2354 DE
742 2282 1023 2356 GENERA
1041 2284 1259 2356 TIONE.

179 2460 182 2465 ¹
233 2482 341 2557 Nunc
366 2480 412 2553 ad
436 2492 576 2578 partem
602 2478 750 2551 maximi
778 2478 951 2557 momenti
979 2491 1107 2551 nostrae
1138 2477 1392 2577 dissertationis
1425 2478 1680 2577 pervenimus,
1699 2509 1837 2567 historica
1866 2486 1907 2562 in'-

185 2603 254 2706 sed,
265 2603 372 2674 etiam
391 2602 430 2673 in
446 2601 513 2673 haic
529 2614 631 2698 parte
645 2625 718 2671 non
733 2623 865 2697 paucas
880 2596 1054 2671 habemus
1074 2598 1348 2675 observationes.
1367 2601 1502 2673 Omnes
1518 2614 1681 2676 auctores
1734 2578 1852 2633 ‘mum‘

80 2818 83 2823 Ι
183 2747 291 2820 supra
304 2722 420 2812 citati,
431 2745 562 2818 organa
577 2719 816 2818 generationis
824 2718 1010 2792 Lumbrici
1022 2723 1196 2794 terrestris
1206 2720 1451 2798 observairunt.
1466 2721 1520 2793 Cl.
1534 2723 1681 2794 Willis

154 2914 159 2924 ,
183 2845 323 2942 primus
341 2868 383 2924 ea
403 2854 570 2916 accurate
591 2854 629 2914 et
656 2841 773 2914 fusius
795 2841 992 2940 descripsit.
1021 2842 1092 2915 Alii
1113 2842 1362 2916 tantummodo
1380 2844 1682 2941 transcripserunt

184 2965 311 3037 autin
334 2963 440 3037 aliam
468 2963 630 3062 linguam
654 2960 891 3037 reddiderunt
912 2963 972 3034 illa
997 2987 1078 3060 quae
1100 2989 1118 3033 a
1143 2961 1375 3035 celeberrimo
1392 2963 1461 3034 hoc
1482 2964 1682 3034 anatomico

184 3082 278 3156 dicta
301 3082 459 3156 fuerant.
485 3082 538 3154 Cl.
560 3083 761 3179 Montegre
784 3083 824 3153 in
847 3082 963 3153 Gallia
984 3096 1022 3153 et
1042 3081 1095 3152 Cl.
1120 3082 1245 3153 Home
1261 3083 1300 3153 in
1316 3082 1445 3178 Anglii
1463 3084 1502 3152 in
1527 3106 1681 3179 genera-

183 3203 289 3276 tionis
300 3228 517 3300 organorum
535 3201 648 3301 hujus
662 3201 870 3274 animalculi
888 3201 1049 3274 studium
1068 3227 1150 3274 suas
1165 3226 1268 3274 curas
1280 3201 1526 3274 contulerunt.
1545 3202 1681 3273 Omnes
1743 3263 1744 3271 ,

183 3321 256 3396 illae
279 3321 541 3398 observationes
560 3321 642 3419 plus
662 3322 829 3395 minusve
852 3334 1060 3420 congruunt
1080 3302 1199 3420 quoad
1219 3334 1438 3394 structuram
1461 3322 1590 3394 horum
1620 3347 1681 3394 or·

184 3469 376 3544 gauorum,
396 3443 460 3517 sed
480 3443 695 3519 dissentiunt
717 3440 836 3539 quoad
854 3465 981 3512 eorum
1005 3464 1124 3512 usum.
1144 3439 1212 3510 Hic
1233 3441 1376 3513 nonnisi
1396 3440 1599 3514 historicam
1618 3442 1680 3513 in-

182 3566 407 3638 stitutionem
425 3564 658 3661 exponimus,
676 3561 737 3635 sed
755 3576 943 3660 postquam
960 3562 1073 3634 locuti
1091 3562 1270 3635 fuerimus
1286 3561 1331 3634 de
1344 3564 1489 3653 orariis,
1506 3563 1679 3637 testiculis

182 3698 220 3758 et
241 3687 334 3776 ovis,
358 3685 570 3783 segregatim
589 3685 627 3755 in
651 3683 812 3756 medium
830 3684 1056 3781 proferemus
1071 3685 1283 3757 sententiam
1300 3680 1525 3780 singulorum
1553 3696 1682 3755 aucto·
1755 3778 1759 3784 .

95 3871 102 3882 ‚
182 3829 266 3885 rum
289 3803 334 3876 de
350 3803 455 3876 modo
475 3802 604 3902 agendi
625 3828 858 3900 organorum,
879 3818 988 3901 prout
1004 3804 1128 3874 saltem
1150 3828 1169 3873 a
1188 3815 1399 3875 caeterorum
1421 3803 1590 3900 opinione
1607 3801 1682 3874 dis-

182 3926 333 4015 sentiat3
358 3937 395 3994 et
415 3921 578 4012 tandem,
608 3921 805 4021 postillam
830 3923 1007 4022 analysin,
1028 3934 1164 3993 nostras
1182 3921 1367 4020 opiniones
1385 3920 1430 3994 de
1453 3935 1538 3995 actu
1564 3946 1679 4020 gene-

90 4051 95 4059 '
182 4042 330 4117 rationis
350 4041 683 4138 observationesque
704 4043 966 4117 exhibebimus.

231 4161 506 4236 Recentioribus
527 4161 586 4235 his
601 4163 836 4259 temporibus,
862 4169 1046 4264 opiniones
1066 4156 1311 4239 diversissime
1332 4179 1529 4239 occurrunt
1545 4165 1590 4237 de
1612 4148 1678 4263 ge-

182 4283 367 4355 neratione
389 4280 610 4356 Annelidum
633 4282 672 4352 in
695 4307 846 4380 genere,
878 4299 915 4358 et
938 4288 1135 4383 praesertim
1163 4286 1207 4360 de
1235 4289 1464 4386 generatione
1490 4283 1678 4358 Hirudiuis
1778 4356 1783 4363 .

182 4401 450 4501 Lumbricique.
472 4405 594 4502 Longo
614 4416 774 4501 tempore
796 4408 959 4502 repetitis
981 4405 1286 4482 observationibus
1307 4404 1425 4497 ducti,
1449 4430 1560 4477 unam
1584 4403 1677 4476 alte-

183 4546 307 4596 ramve
326 4524 532 4621 opinionem
559 4522 779 4614 tenebimus,
809 4524 920 4596 etsie
943 4525 1130 4598 raritatem
1153 4524 1402 4597 tantummodo
1429 4546 1672 4621 assequemur.

231 4641 640 4740 Hermaphrodn'smum
658 4642 878 4719 Annelidum
893 4643 1032 4748 jamdiu
1049 4645 1121 4720 fuit
1137 4642 1381 4737 observatum,
1395 4643 1481 4716 etin
1493 4641 1680 4743 plerisque
