4244 5850
926 527 1081 628 (ιιι)

306 702 443 779 Inutile
469 715 524 776 est
547 700 653 801 plura
680 696 803 771 dicere
830 695 877 770 de
899 696 1026 771 usibus
1052 696 1227 771 stomachi
1257 698 1430 799 quoniam
1455 697 1534 802 ejus
1559 699 1766 775 functiones

256 826 394 904 eaedem
418 839 506 902 snnt
526 850 568 898 ac
589 822 797 898 functiones
819 818 1015 934 ¹ventriculi
1039 831 1244 893 ceterorum
1264 820 1490 919 animalium.

658 1033 724 1108 VI.
775 1033 841 1105 De
866 1032 1045 1104 intestino
1075 1044 1114 1104 et
1140 1030 1187 1104 de
1217 1031 1366 1128 hepate.

309 1227 527 1300 Intestinum
552 1222 672 1324 quoad
699 1220 907 1294 historicam
935 1218 1200 1291 institutionem
1229 1218 1270 1292 in
1295 1219 1422 1327 eodem
1450 1246 1535 1294 casu
1567 1246 1610 1306 ac
1633 1235 1768 1296 stoma·
1785 1240 1948 1297 Hieronica
1940 1260 1980 1298 rn-

260 1348 353 1422 chus
375 1360 551 1422 versatur
582 1343 656 1415 Cel.
685 1343 827 1427 Carus,
852 1339 1072 1438 Moutdgre,
1098 1339 1245 1427 Home,
1273 1343 1397 1430 Rosa,
1425 1342 1519 1417 illud
1541 1344 1677 1443 optime
1701 1343 1768 1417 de-
1820 1311 1940 1365 ’ΜΨ

259 1465 447 1543 linearunt
471 1479 509 1541 et
530 1465 810 1564 descripserunt.

311 1592 529 1666 intestinum
554 1603 607 1662 est
629 1590 781 1662 unicum
803 1586 843 1658 in
864 1581 1080 1657 Lumbrico:
1111 1596 1165 1655 est
1185 1611 1268 1683 pars
1288 1587 1444 1659 maxima
1466 1587 1599 1663 canalis
1615 1588 1770 1662 alimen·
1786 1605 1901 1662 Ροιῑιιο.

262 1713 345 1787 tarii
355 1769 365 1807 ,
377 1713 549 1812 quoniam
562 1710 641 1813 ejus
655 1706 844 1810 longitudo
855 1706 981 1779 collata
994 1732 1080 1780 cum
1097 1705 1324 1808 longitudine
1341 1710 1553 1810 pharyngis,
1567 1713 1770 1813 oesophagi,

262 1835 441 1937 ingluviei
469 1849 507 1908 et
530 1833 706 1920 stomachi
734 1831 1013 1932 conjunctorum
1039 1843 1159 1904 estut
1187 1831 1288 1904 3:1.
1323 1832 1500 1905 Efformat
1521 1832 1600 1906 fere
1629 1833 1770 1925 solum,

261 1959 443 2060 integram
462 1957 672 2030 interiorem
698 1956 856 2054 corporis
881 1966 1035 2053 partem.
1059 1954 1193 2052 Incipit
1214 1953 1422 2028 immediate
1447 1968 1526 2054 post
1543 1955 1771 2030 stomachum

262 2092 303 2154 et
323 2102 439 2178 usque
461 2077 508 2150 ad
530 2102 643 2150 anum
668 2078 915 2148 continuatur.

313 2199 481 2273 Formam
508 2197 657 2271 exhibet
681 2195 807 2271 tubi
781 2222 857 2271 sive
880 2196 1035 2297 cylindri
1055 2197 1165 2289 recti,
1196 2197 1424 2273 transversali
1450 2197 1554 2270 modo
1580 2155 1688 2271 secati
1711 2200 1773 2271 in·
1790 2219 1898 2273 Forma.

205 2309 214 2325 ¹
263 2324 427 2398 numeris
447 2319 588 2393 lineolis
607 2345 689 2420 quae
705 2320 848 2391 nonnisi
839 2317 1183 2428 diaphragmatum
1199 2332 1286 2390 sunt
1306 2320 1468 2418 vestigia.
1491 2319 1533 2390 ln
1554 2317 1772 2418 quibusdam

264 2441 468 2518 lumbricis
489 2444 588 2516 inse
610 2442 730 2539 ipsum
747 2439 961 2539 replicatur,
987 2442 1185 2538 praesertim
1207 2440 1253 2513 ad
1276 2455 1417 2541 partem
1441 2442 1678 2534 anteriorem,
1706 2441 1773 2516 ubi

264 2567 305 2638 in
327 2590 479 2666 genere,
507 2577 562 2638 est
582 2567 732 2637 crassius
759 2565 871 2663 magis
898 2562 1063 2637 inflatum
1094 2576 1133 2637 et
1163 2562 1358 2667 praeditum
1381 2562 1618 2638 divisionibus
1643 2564 1775 2639 melius

267 2685 527 2760 determinatis.
547 2684 667 2783 (Vide
682 2684 833 2784 or,fig.
853 2688 888 2756 1.
909 2686 987 2757 tab.
1015 2685 1069 2759 V
1064 2687 1117 2759 II
1122 2714 1138 2776 ,·
1157 2711 1216 2774 or,
1231 2685 1310 2786 fig.
1329 2690 1365 2758 1.
1384 2685 1462 2757 tab.
1483 2685 1615 2759 VIII
1616 2716 1632 2776 ,·
1637 2685 1717 2785 fig.
1736 2689 1771 2758 1.

266 2808 346 2880 tab.
369 2807 461 2898 1Χ,·
475 2805 554 2905 fig.
585 2810 633 2878 10
655 2819 694 2877 et
718 2810 781 2878 ll.
805 2807 886 2878 tab.
904 2807 992 2904 X.)

315 2927 399 3001 Huc
422 2954 539 3027 usque
560 2926 728 3001 nondum'
747 2928 1042 3002 in'Annelidibus
1063 2942 1250 3028 repertum
1270 2942 1325 3001 est
1346 2955 1523 3028 organum
1544 2928 1642 3066 quod
1659 2955 1776 3029 pecu-
1793 2956 2002 3027 neminen

266 3050 348 3126 liari
361 3050 469 3125 modo
492 3077 577 3124 cum
593 3049 725 3149 hepate
741 3052 851 3149 possit
867 3051 1077 3149 comparari.
1095 3051 1266 3123 Attamen
1282 3050 1321 3122 in
1345 3049 1523 3122 Hirudine
1546 3063 1583 3122 et
1602 3051 1641 3121 in
1656 3052 1773 3123 Lum-
1790 3037 1921 3147 {3¹32}ssss
1922 3045 2003 3149 ζζζξζ,

266 3171 367 3246 brico
394 3172 555 3245 terrestri
583 3173 815 3270 praesumitur
843 3170 952 3246 telam
973 3172 1092 3245 laxam
1110 3186 1148 3244 et
1169 3172 1399 3263 continuam,
1424 3171 1578 3270 parietes
1605 3185 1774 3245 externos
1793 3161 1857 3215 ⁰¹¹¹·

255 3294 400 3369 canalis
423 3292 637 3366 intestinalis
659 3291 946 3365 circumdantem
972 3292 1051 3395 ejus
1079 3294 1176 3369 vices
1203 3291 1351 3392 explere
1379 3316 1491 3391 posse.
1529 3290 1651 3385 Infra,
1678 3291 1774 3366 hanc

268 3417 476 3517 opinionem
499 3415 659 3488 examini
682 3413 927 3517 subjiciemus

318 3538 463 3610 Etenim
493 3534 625 3607 canalis
653 3535 867 3607 intestinalis
892 3533 1081 3609 Lumbrici
1107 3537 1285 3610 terrestris
1311 3549 1450 3609 constat
1473 3534 1618 3611 duabus
1642 3536 1775 3611 tunicis

269 3657 463 3750 distinctis,
490 3657 648 3729 manime
672 3655 953 3755 apparentibus3
982 3670 1132 3731 externa
1158 3659 1220 3732 cui
1251 3681 1385 3729 nomen
1417 3656 1558 3755 hepatis
1585 3655 1775 3751 dabimus,

269 3795 323 3855 est
344 3805 386 3853 ea
407 3805 490 3880 quae
513 3781 552 3851 in
575 3806 603 3850 a
596 3792 699 3878 serto
720 3805 868 3878 corpore
886 3776 1072 3852 Lumbrici
1092 3776 1404 3855 animadvertitur.
1433 3778 1510 3850 Est
1518 3792 1775 3879 tegumentum

270 3900 434 4001 undique
466 3899 650 3973 obducens
679 3900 915 3993 intestinum,
949 3914 987 3974 et
1020 3903 1220 4001 praesertim
1263 3901 1518 3973 crassissimum
1553 3900 1599 3973 ad
1632 3915 1827 4033 partem
1790 3907 1911 3970 Pontio

270 4023 382 4124 liujus
406 4025 530 4123 organi
555 4024 796 4123 superiorem,
820 4022 885 4097 ubi
905 4024 948 4097 ad
968 4026 1163 4099 minimum
1185 4021 1351 4120 adaequat
1374 4023 1420 4108 ’15
1444 4022 1655 4097 millimetri.
1679 4021 1776 4097 Sub-
1810 3977 1911 4033 Aorno

270 4146 399 4220 stantia
421 4171 465 4218 ea
490 4144 565 4245 quir
586 4147 816 4242 componitur
841 4157 895 4219 est
916 4145 1093 4238 subflava,
1118 4147 1269 4239 viscosa,
1293 4170 1390 4244 saepe
1410 4146 1635 4251 aurantiaca,
1660 4143 1777 4218 veluti

272 4259 437 4342 constans
459 4268 667 4339 innumeris
684 4266 826 4366 papillis
846 4268 927 4367 plns
951 4270 1118 4343 minusve
1140 4266 1326 4364 distinctis.
1352 4265 1427 4340 lllae
1451 4236 1592 4365 papillae
1617 4265 1775 4339 maxime

272 4391 449 4464 distinctae
479 4390 517 4460 in
545 4390 638 4460 facie
668 4387 798 4461 dorsali
832 4390 993 4460 intestini
1020 4390 1100 4463 sive
1123 4387 1284 4488 hepatis,
1320 4387 1594 4492 conjunguntur
1625 4387 1676 4477 in,
1696 4387 1775 4488 ejus

273 4525 392 4612 partes
412 4508 576 4583 laterales
598 4522 636 4582 et
651 4510 874 4609 progignunt
891 4506 1078 4607 speciebus
1094 4506 1351 4584 cesticillorum
1372 4506 1661 4586 transversalium
1679 4508 1775 4581 inter

143 4722 146 4726 ,
272 4622 349 4708 dano
367 4631 636 4734 diaphragmata
661 4629 918 4736 subsequentia
944 4655 1024 4707 sese
1043 4630 1338 4710 extendentium.
