4244 5850
1071 537 1230 635 (108)

801 739 854 806 10.
887 734 1024 808 Motus
1055 735 1220 807 musculi
1248 733 1394 807 radiati
1420 738 1499 809 ani.

173 915 393 997 uorqamuquti
451 904 498 979 Hi
514 917 633 978 motus
656 901 766 979 iidem
784 914 871 977 sunt
890 927 933 974 ac
950 912 1071 975 motus
1089 898 1248 974 musculi
1265 901 1507 976 constrictoris
1528 905 1618 976 oris:
1643 905 1685 975 10
1705 917 1826 979 motus
1848 930 1910 983 re-

188 987 290 1040 radim
304 1001 362 1041 ‘m'
397 1043 554 1104 trorsum
566 1025 716 1099 effectus
733 1038 771 1098 et
785 1025 866 1100 vice
878 1024 999 1116 versa,
1017 1023 1081 1122 qui
1092 1022 1214 1096 locum
1226 1021 1336 1097 habet
1348 1024 1556 1101 evolutione
1570 1027 1745 1128 marginis
1755 1029 1905 1104 interni.

449 1150 577 1240 Quum
601 1147 782 1247 dispositio
803 1145 976 1219 fibrarum
997 1145 1217 1219 radiantium
1234 1147 1274 1219 in
1293 1146 1433 1221 duabus
1455 1148 1526 1221 illis
1549 1149 1737 1249 speciebus
1759 1179 1912 1230 muscu-

399 1276 521 1351 lorum
545 1275 591 1346 sit
613 1270 758 1362 eadem,
795 1269 988 1369 explicatio
1007 1266 1119 1371 hujus
1142 1281 1261 1343 motus
1280 1268 1342 1342 htc
1365 1283 1458 1344 esset
1477 1271 1617 1345 inutilis
1640 1267 1724 1374 quia
1752 1271 1825 1375 jam
1847 1301 1910 1351 re-

398 1397 540 1499 peritur
560 1419 644 1494 pag.
669 1392 755 1485 104.

448 1522 503 1591 20.
542 1518 662 1591 Motus
684 1515 936 1589 contractionis
955 1514 1016 1586 ani
1040 1515 1202 1590 cavitatis
1228 1541 1249 1587 a
1273 1515 1448 1590 musculis
1468 1514 1704 1591 annularibus
1727 1518 1788 1590 ani
1814 1543 1911 1619 pen,-

397 1640 484 1715 dere
503 1640 593 1713 mihi
616 1637 778 1730 videtur,
795 1633 1103 1736 quemadmodum
1127 1635 1189 1709 ille
1207 1648 1343 1730 motus,
1360 1637 1480 1738 quoad
1499 1664 1560 1734 oa,
1575 1637 1711 1739 pendet
1726 1638 1771 1713 ab
1786 1667 1913 1719 annu-

397 1764 534 1839 laribus
556 1763 667 1864 partis
688 1760 877 1835 anterioris
900 1759 1040 1860 capitis.

834 1961 890 2029 20.
924 1957 1061 2030 Motus
1097 1958 1324 2053 aphincteria
1353 1959 1432 2030 oni.

171 2151 265 2232 Mora·
281 2146 391 2230 aptiae·
451 2126 641 2202 Contrahit
657 2141 722 2201 aut
734 2125 860 2200 dilatat
875 2151 1008 2220 anum,
1027 2123 1213 2199 interdum
1235 2150 1322 2200 eum
1344 2126 1492 2200 omnino
1514 2125 1652 2201 claudit
1671 2124 1776 2223 (vide
1797 2108 1909 2201 etiam

200 2232 265 2276 ‘⁰¹¹⁸
279 2235 337 2273 “¹¹¹⁶
399 2276 484 2352 pag.
513 2252 584 2344 82,
615 2249 902 2323 mechanismum
932 2246 1154 2347 expulsionis
1181 2247 1546 2347 excrementorum),
1583 2248 1769 2323 interdum
1796 2250 1908 2326 etiam

400 2373 550 2474 adjuvat
566 2372 815 2472 expulsionem
830 2368 1112 2445 substantiarum
1124 2370 1319 2445 faecalium.
1333 2369 1535 2445 Circulares
1547 2369 1645 2444 librae
1656 2369 1816 2444 reddunt
1828 2368 1910 2475 ejus

400 2507 542 2568 motum
560 2492 714 2566 similem
738 2494 855 2566 motui
877 2518 988 2593 quem
1012 2491 1169 2566 musculi
1191 2492 1385 2566 annulares
1408 2492 1659 2568 transversales
1684 2493 1860 2568 efficiunt.

437 2616 604 2712 ‘Propter
621 2613 772 2713 angulos
791 2612 834 2710 (c
851 2626 889 2685 et
908 2613 955 2700 d,
971 2612 1048 2712 fig.
1073 2610 1109 2703 4.
1137 2612 1216 2683 tab.
1237 2612 1355 2713 IV.)
1379 2615 1444 2714 qui
1467 2614 1707 2689 observantur
1724 2613 1770 2688 ad
1790 2628 1912 2716 partes

401 2734 616 2835 sphincteris
625 2736 847 2834 superiorem
860 2731 1211 2825 etinferiorem,illae
1223 2732 1320 2809 fibrae
1333 2736 1713 2837 aliquandoradiantes
1722 2737 1907 2814 videntur.

174 2888 404 3010 voquamexer-
454 2858 591 2930 Omnes
610 2857 663 2930 illi
682 2871 800 2931 motus
820 2856 988 2956 partiales
1005 2857 1225 2931 excitatione
1242 2882 1434 2958 corporum
1452 2871 1686 2932 externorum
1707 2885 1910 2959 provocan-

173 2969 242 3028 cetp
254 2974 321 3012 exus
340 2958 385 3009 ab

174 3026 323 3082 dominati·
355 3024 386 3079 in
404 2993 464 3052 tur
489 2991 527 3051 et
546 2979 622 3065 sine
647 2976 762 3052 dubio
780 2977 1070 3055 determinantur
1092 2980 1233 3052 actione
1255 3004 1454 3056 nervorum
1479 2984 1545 3082 qui
1560 2980 1711 3081 plexum
1733 2981 1817 3084 plus
1837 2985 1911 3057 mi-

173 3166 213 3221 les
237 3180 294 3221 ant.

175 3095 385 3176 ⁰³⁰¹¹¹⁸.P³¹¹¹²¹·
401 3128 517 3180 nusve
546 3101 772 3204 implicatum
806 3103 846 3175 in
873 3103 1022 3203 regione
1058 3102 1277 3177 abdominali
1307 3101 1512 3176 efformant.
1552 3103 1742 3204 Exiguitas
1776 3104 1910 3181 borum

319 3298 323 3307 ,
402 3250 619 3327 organorum
644 3225 835 3327 impedivit
852 3227 1047 3326 quominus
1065 3226 1126 3299 illa
1155 3226 1382 3300 dissecarem.
1783 3245 1786 3253 ·

824 3392 889 3464 ΙΙ.
933 3394 998 3466 De
1025 3392 1190 3465 motibus
1219 3391 1503 3465 Locomotoriia.

453 3557 501 3629 lli
522 3571 659 3649 motus,
682 3556 990 3656 quemadmodum
1014 3552 1088 3660 jam
1109 3558 1286 3648 vidimus,
1317 3556 1529 3631 relationem
1552 3557 1709 3655 corporis
1730 3581 1815 3630 cum
1835 3557 1911 3633 solo

401 3681 611 3753 immutant.
632 3681 809 3754 Strictiori
831 3705 941 3755 sensu
964 3681 1120 3756 musculi
1141 3684 1327 3782 spinarum
1352 3678 1418 3753 soli
1440 3678 1511 3753 boc
1531 3677 1638 3751 titulo
1666 3677 1911 3778 comprehen-

404 3801 560 3894 duntur,
584 3802 662 3895 sed,
684 3805 714 3876 si
740 3802 970 3881 observamus
992 3807 1112 3879 omnia
1132 3804 1193 3879 illa
1216 3829 1349 3905 organa
1374 3826 1450 3875 esse
1473 3799 1603 3874 idonea
1631 3799 1677 3874 ad
1698 3801 1911 3900 augendum

402 3936 467 3997 aut
485 3924 725 3998 minuendum
749 3929 907 4025 eorporis
928 3925 1167 4018 diametrum,
1190 3925 1237 3998 ad
1258 3923 1412 3998 annulos
1431 3924 1526 3997 inter
1545 3947 1583 3996 se
1605 3935 1642 3996 et
1661 3926 1700 3995 in
1717 3948 1826 3998 sensu
1842 3922 1913 3999 de-

402 4044 595 4117 terminato
626 4046 990 4145 appropinquandos,
1020 4047 1066 4122 ad
1094 4032 1315 4123 movendum
1340 4046 1498 4146 denique
1526 4070 1657 4145 corpus
1678 4046 1719 4118 in
1741 4045 1823 4120 data
1851 4047 1913 4123 di-

400 4169 579 4260 rectione,
605 4190 750 4240 necesse
778 4180 832 4240 est
854 4182 896 4243 ut
917 4169 1121 4244 referamus
1145 4181 1264 4243 motus
1290 4169 1456 4243 omnium
1480 4167 1612 4242 horum
1637 4166 1910 4263 musculorum,

401 4286 447 4360 ad
463 4300 582 4360 motus
598 4285 731 4386 quibus
750 4312 884 4360 nomen
911 4290 1191 4365 Locomtorum
1211 4291 1418 4366 detumeat.
1442 4290 1579 4364 Omnes
1600 4291 1698 4363 enim
1719 4305 1911 4368 versantur
1965 4318 1968 4329 ·

401 4408 442 4480 in
464 4411 664 4482 mutatione
693 4433 925 4509 quacumque
956 4412 1143 4489 efficiendi
1164 4416 1204 4489 in
1227 4415 1405 4520 positione
1428 4411 1611 4512 eorporis,
1639 4411 1750 4485 unico
1773 4411 1906 4509 verbo,

401 4528 439 4601 in
457 4553 543 4602 eum
560 4527 640 4602 loco
661 4528 890 4605 dimovenda.

185 4627 324 4685 tttuortca
352 4626 396 4684 in·

219 4696 338 4753 ΜΟ,
443 4650 710 4728 Mecbaniamus
725 4654 982 4757 progressionis
994 4655 1181 4735 Lambrici
1191 4656 1265 4766 jam
1281 4659 1355 4735 fuit
1370 4653 1577 4733 observatus
1595 4680 1617 4731 a
1636 4653 1713 4730 Cel.
1729 4654 1900 4752 Lyonat,
