4244 5850
883 518 996 618 (⁹45
1023 519 1038 620 )

272 692 302 757 l.
340 691 523 774 Apparatus
543 689 725 756 cerebralia

258 823 308 1001 ,ἧς
339 799 577 1000 fflnxhngltt
596 909 775 976 secuudum
793 908 970 975 nonnullos
989 908 1145 994 glandula
1163 908 1334 999 salivaria)
1359 911 1459 996 pauld
1482 906 1710 1000 longitudino-

215 1021 292 1088 liter
319 1031 449 1106 apertus
474 1031 507 1086 et
534 1031 714 1087 transuersa
741 1022 884 1106 dejectus
907 1031 945 1087 ut
965 1032 1117 1106 appareat
1145 1032 1305 1090 structura
1328 1025 1446 1092 fibrosa
1464 1026 1583 1092 similis
1604 1028 1708 1092 textui

215 1135 448 1201 musculorum.

261 1242 338 1311 ttt
361 1243 481 1308 (lucrio
497 1264 636 1330 quorum
655 1243 832 1328 posteriora
849 1245 992 1310 maxima
1010 1254 1042 1312 et
1059 1246 1249 1331 corporibus
1266 1249 1412 1313 loetiferis
1431 1250 1578 1315 nondum
1594 1251 1709 1315 euolu-

215 1356 262 1423 tia
280 1364 401 1422 nonu,

211 1528 215 1535 .
272 1469 296 1531 ι’.
332 1464 445 1531 Gordia
467 1484 541 1528 rasa
562 1472 743 1529 transversa
761 1466 826 1529 fere
842 1485 909 1528 non
929 1466 1102 1549 conspicua
1120 1467 1162 1531 ob
1185 1468 1251 1531 alia
1268 1488 1389 1554 organa
1406 1470 1525 1555 quihus
1543 1479 1706 1556 teguntur.

264 1580 298 1667 j.
335 1575 516 1642 Posteriora
534 1577 605 1640 hoec
623 1597 698 1642 vasa
720 1578 851 1661 majora.

274 1686 303 1753 k
334 1687 510 1773 ingluvies.

254 1797 315 1864 llll
337 1798 466 1885 Arteria
494 1799 640 1864 dorsalis.

268 1931 311 1974 aaa
336 1907 558 1976 Ventriculus.

272 2041 310 2084 aa
338 2016 467 2084 (lanulis
488 2017 686 2084 intestinalis
704 2017 772 2082 lobi
797 2018 973 2083 anteriores
998 2039 1053 2083 seu
1079 2019 1223 2103 majores.

272 2151 299 2196 ο.
336 2127 465 2196 onus
488 2128 687 2194 aarum
708 2128 777 2193 rou
799 2110 952 2194 minora.

240 2263 317 2330 μη).
339 2237 469 2306 llanalis
490 2239 696 2305 intestinalia

251 2372 316 2416 m.
339 2350 480 2434 Corpora
502 2351 647 2417 fatuam.

257 2485 315 2529 m.
337 2462 408 2529 Ova
427 2463 540 2528 libera.

274 2584 298 2638 t.
338 2571 438 2637 Anus.

247 2707 318 2750 aar..
342 2684 487 2749 Stratum
508 2683 690 2747 musculare
714 2701 790 2746 cum
811 2682 984 2764 epiderme.

257 2820 311 2882 ῃ.
344 2793 605 2881 Diaphragmata

860 2875 988 2968 Figura
1027 2898 1057 2942 u.

258 2993 434 3061 Lunmcu
457 2964 541 3077 para·
556 2992 701 3058 anterior
719 2991 958 3076 magnitudinis
982 2988 1149 3055 naturalia.
1173 2989 1434 3074 Conspicuuntur
1457 2993 1492 3056 in
1509 2994 1579 3059 hic
1603 2995 1706 3078 ligurii

215 3124 289 3189 para
318 3103 463 3187 corporis
497 3102 562 3189 qud
593 3102 703 3167 avaria
730 3101 989 3188 impregnatione
1018 3101 1189 3167 fecundata
1219 3103 1484 3184 amplificantur,
1524 3112 1596 3186 post
1623 3107 1706 3167 hauc

214 3215 385 3281 coarctatio
402 3214 547 3297 corporis
568 3213 737 3295 diametri,
756 3222 789 3277 et
810 3214 972 3279 clitellam
994 3212 1134 3299 denique
1156 3212 1298 3277 maxime
1320 3215 1486 3278 evolutum
1501 3214 1543 3279 ob
1565 3202 1707 3303 glanduss

214 3326 321 3391 larum
338 3325 376 3389 in
394 3344 433 3389 eo
456 3330 684 3390 contentarum
707 3324 947 3408 expansionem

256 3418 302 3501 ‘aa
338 3434 441 3518 Caput
464 3455 540 3498 eum
564 3453 628 3499 ore.

272 3545 301 3613 l.
337 3546 416 3611 Para
438 3547 503 3633 qud
528 3547 638 3610 oraria
661 3546 885 3611 includuntur.

263 3657 309 3724 te.
339 3659 418 3723 Pars
440 3666 613 3723 contracta

263 3760 310 3832 cd
342 3768 511 3835 Clitellum
535 3767 709 3833 tumidum.

266 3875 312 3943 da.
343 3878 422 3943 Pars
444 3877 588 3962 corporis
608 3879 721 3944 codun
739 3877 898 3943 diametro
916 3897 1015 3964 quam
1034 3885 1103 3943 tota
1120 3898 1195 3962 pars
1216 3881 1380 3962 posterior.

857 4030 903 4097 Fi
922 4057 987 4100 atro
1023 4034 1053 4100 5.

257 4142 424 4210 Clitellum
447 4145 592 4229 ejusdcm
616 4145 792 4211 Luunulcl
814 4059 957 4231 sepulte
976 4148 1175 4213 delineatum
1190 4156 1228 4212 ut
1245 4148 1365 4212 clarius
1384 4155 1561 4231 appareant
1583 4147 1697 4209 annuli

211 4255 330 4343 quibas
350 4257 558 4338 componitur
579 4266 613 4321 et
632 4259 784 4339 splendor
801 4260 983 4322 metallicus
999 4279 1064 4345 quo
1079 4268 1215 4324 ornatur
1230 4256 1288 4345 (in
1304 4258 1427 4331 tubulis
1442 4258 1604 4323 coloribus
1619 4256 1703 4319 rivis

211 4386 280 4432 uon
296 4367 466 4448 amorreis,
483 4368 679 4450 exprimitur
691 4370 761 4432 haec
773 4371 918 4434 conditio
932 4372 1050 4434 ultima
1062 4392 1122 4456 ope
1138 4372 1332 4436 nebularum
1345 4371 1529 4456 nigriorruu
1539 4370 1700 4434 litteris-ea

211 4475 394 4564 notarum)
416 4478 621 4560 Amplificata
638 4487 687 4542 est
703 4480 800 4563 hujus
817 4480 935 4545 clitelli
955 4481 1099 4569 imagoa
1123 4482 1291 4549 diametris
1312 4481 1468 4566 ope‚,vitri
1487 4481 1699 4563 mioroscopii.
1800 4476 1806 4482 ’

253 4586 302 4654 at
324 4586 492 4653 Clitellum
512 4587 532 4651 6
551 4590 684 4654 annulis
700 4592 914 4675 compositum
935 4614 1075 4682 quorum
1094 4594 1196 4678 spatia
1217 4594 1337 4681 quibus
1355 4594 1441 4660 inter
1459 4616 1497 4659 sc·
1511 4603 1707 4677 separantur

208 4700 291 4769 hane
311 4700 581 4786 conspicuuntur
