4244 5850
898 440 1132 590 'taur

304 652 485 733 rationem
509 650 654 731 facilem
676 649 795 727 reddit
825 663 863 725 et
889 665 988 729 tnnc·
1001 655 1163 728 cernitur
1186 652 1264 728 loco
1291 655 1405 729 unius
1426 655 1547 728 adesse
1573 654 1616 748 d,
1638 655 1682 743 6,
1711 658 1734 732 8
1755 668 1794 731 et

305 771 452 868 quidem
466 774 525 842 10.
547 770 685 847 omnes
701 771 740 841 in
754 769 874 847 lucam
890 773 1047 845 veniunt
1060 785 1098 845 et
1115 771 1338 870 Erpobdelloe
1349 775 1518 873 perfectae
1537 774 1708 850 evadunt.
1732 776 1793 851 An

289 913 408 982 vero,
419 889 636 975 nomiaeovr·
651 888 816 986 insigniri
831 887 940 968 debet
953 890 1184 965 involucrum
1194 892 1232 966 iu
1244 918 1316 990 quo
1326 908 1425 969 tauta
1438 895 1539 993 copia
1552 894 1792 994 embryonum

303 1007 481 1083 evolvitur
492 1007 511 1080 'l
537 1007 618 1082 Nou
640 1007 810 1089 arbitror.¹
834 1010 898 1101 Et,
926 1011 1241 1113 siperpendemua
1264 1038 1380 1113 geum
1401 1013 1636 1088 Lumbricum
1659 1016 1792 1090 imme-

304 1127 399 1201 diate
420 1127 591 1201 accedere
612 1127 657 1200 ad
681 1153 796 1227 genus
815 1129 1143 1230 Erpalrdellarum,
1161 1146 1205 1207 et.
1221 1132 1389 1230 capsulas.
1405 1133 1535 1207 burum
1554 1135 1792 1231 posteriorum

303 1247 517 1337 amimalium¹
540 1250 687 1323 omniuo
708 1249 870 1355 priorum
897 1250 1031 1346 similes
1053 1275 1151 1343 esse,
1177 1265 1328 1352 excepto
1354 1276 1508 1327 numero
1530 1251 1790 1352 embrycnum,

303 1394 362 1442 eas
394 1367 541 1474 qpidem
572 1367 728 1453 identico
760 1367 865 1452 modo
894 1371 1011 1469 quoad
1045 1371 1219 1447 fabricam
1251 1387 1291 1445 et
1320 1387 1542 1449 structuram
1568 1373 1792 1468 simillimas,

303 1512 448 1561 necesse
473 1489 542 1561 erit
572 1500 615 1560 ut
641 1486 836 1573 habeamus
862 1490 1024 1589 capsulas
1053 1492 1243 1567 Lumbrici
1272 1494 1448 1567 terrestris
1474 1506 1661 1591 tamquam
1690 1519 1793 1568 veros

303 1607 482 1681 folliculos
507 1607 569 1680 sed
597 1611 712 1681 unico·
737 1606 931 1708 embryoue
960 1610 1138 1711 praeditcs.
1181 1613 1323 1686 Exinde
1348 1638 1434 1712 ergo
1462 1626 1605 1712 possent
1636 1612 1792 1689 folliculi
1869 1679 1874 1685 .

303 1724 416 1803 <lividi
441 1729 480 1798 in
507 1728 851 1827 monembqyonarea
871 1742 909 1801 et
921 1731 1290 1828 pabembryonarea.
1320 1731 1381 1805 Illi
1400 1735 1584 1829 pertinent
1607 1735 1652 1809 ad
1674 1758 1790 1832 genus

303 1846 558 1938 Lumbricum,
586 1846 626 1919 hi
648 1871 732 1920 vero
754 1846 799 1919 ad
821 1872 936 1947 genus
957 1849 1177 1923 Hirudinum
1201 1864 1237 1923 et
1255 1849 1564 1948 Erpobdellarum.

352 1969 512 2042 Fortasse
536 1968 617 2074 quis
636 1965 826 2051 mirabitur
845 1951 1036 2045 discrimen
1061 1993 1185 2043 rerum
1208 1994 1297 2067 quas
1325 1968 1464 2042 obtinui
1488 1969 1790 2045 observationibus

302 2082 342 2161 in
355 2099 440 2177 'mea
462 2087 763 2170 dissertationcet
782 2087 1086 2165 observationibus
1101 2090 1141 2169 iu
1157 2089 1228 2163 hoc¹
1245 2089 1497 2189 supplemento
1515 2091 1696 2189 expositis.
1722 2093 1790 2161 At-

303 2224 425 2284 tamen
435 2209 618 2284 alterutrae
634 2207 902 2309 diligentissime
916 2211 1067 2285 fuerunt
1080 2210 1273 2285 institutae..
1285 2207 1496 2292 Verusimile
1509 2223 1562 2282 est
1580 2207 1791 2285 Lumbriccs

301 2353 391 2428 quos
405 2329 445 2402 in
468 2329 559 2403 vasis
580 2326 799 2421 retinebam,
821 2328 942 2405 servili
961 2328 1023 2403 illo
1041 2342 1144 2406 statu·
1158 2327 1246 2402 adeo
1270 2327 1381 2401 luisse
1399 2326 1599 2425 compulsos
1616 2340 1660 2401 ut
1676 2332 1791 2401 coacti

301 2449 441 2522 fuerint
462 2448 501 2519 in
522 2446 642 2520 lucem
664 2446 772 2520 edere
793 2446 1004 2549 embryoues
1028 2476 1158 2548 parurn
1178 2447 1339 2521 evolutos
1362 2460 1400 2520 et
1422 2448 1516 2519 circa
1537 2471 1626 2545 quos
1645 2446 1790 2545 capsula

301 2564 465 2641 noudum
487 2564 668 2643 efformari
696 2578 874 2665 potuerat.
910 2569 985 2642 Aut
1005 2571 1035 2641 si
1057 2568 1126 2645 alio
1149 2567 1255 2641 modo
1276 2567 1507 2665 interpretari
1535 2565 1641 2656 velis,
1663 2564 1790 2640 dicen·

302 2688 392 2761 dum
417 2687 487 2759 erit
506 2684 667 2784 capsulas
695 2711 849 2784 quarum
879 2688 1083 2766 rudimenta
1114 2689 1314 2787 reperimus
1343 2684 1389 2757 ad
1404 2683 1625 2757 inferiorem
1650 2698 1790 2784 partem

302 2806 459 2906 corporis
488 2804 692 2898 Lumbrici,
731 2830 813 2904 quae
838 2805 1044 2881 rudimenta
1070 2807 1335 2881 nominavimus
1360 2828 1446 2876 cum
1469 2801 1675 2876 auctoribus
1703 2828 1787 2893 ova,

302 2939 427 3025 ruptas
441 2925 552 2999 fuisse
572 2925 612 2997 in
629 2925 792 3000 interiori
807 2940 909 3026 parte
925 2928 1105 3027 corporis,
1123 2941 1161 3001 et
1175 2927 1225 2998 sic
1239 2922 1503 3021 embrycneset
1522 2920 1640 3020 pullos
1658 2923 1789 3019 partim

302 3043 505 3119 efformatus
519 3068 541 3117 e
558 3068 706 3143 corpore
727 3045 945 3146 propulisse3
964 3045 1121 3122 vidimus
1140 3044 1204 3118 bos
1221 3042 1397 3141 depositos
1412 3064 1487 3115 esse
1502 3041 1541 3111 in
1557 3038 1790 3113 substantiam
1841 3109 1845 3115 .

302 3163 615 3264 mucilagmM,
644 3165 903 3258 virescentem,
931 3165 1106 3266 probabili
1133 3164 1237 3238 modo
1259 3162 1440 3261 liquorem
1464 3158 1518 3232 illi
1542 3159 1697 3231 similem
1725 3159 1790 3256 qui

303 3283 430 3382 implet
454 3282 615 3382 capsulas
638 3282 758 3358 adhuc
784 3284 916 3379 ssavas3
946 3301 985 3360 et
1014 3285 1332 3365 animadvertimus
1358 3280 1436 3353 illos
1458 3279 1598 3378 pullos,
1631 3279 1788 3352 maximi

304 3400 488 3502 diligentiis
503 3403 681 3496 adhibiti,
702 3408 859 3504 potuisse
875 3407 994 3485 evolvi
1004 3411 1075 3482 rite
1090 3421 1134 3482 ut
1149 3407 1209 3480 alii
1224 3400 1409 3476 Lumbrici
1425 3412 1566 3472 maturo
1584 3399 1675 3471 nixu
1688 3396 1789 3471 editi.

302 3521 470 3596 Vidimus
491 3521 608 3621 pullos
623 3524 674 3596 sic
700 3525 861 3601 evolutos
881 3526 1079 3602 simillimos
1104 3551 1179 3600 esse
1201 3522 1272 3597 illis
1294 3522 1358 3621 qui
1380 3522 1546 3594 oriuntur
1567 3542 1588 3591 e
1613 3517 1787 3618 capsulis,

303 3655 341 3716 et
357 3643 408 3713 sic
429 3639 475 3713 de
493 3639 680 3715 identitate
705 3644 906 3742 specierum
927 3644 1073 3722 nullum
1097 3643 1251 3719 dubium
1272 3663 1372 3741 posse
1394 3639 1542 3713 moveri.
1577 3637 1663 3710 Haec
1686 3636 1790 3734 phae-

303 3750 456 3835 nomena
474 3747 576 3834 facili
591 3760 696 3835 modo
713 3762 940 3862 explicantur
960 3766 989 3840 si
1006 3764 1179 3839 naturalis
1195 3787 1318 3838 rerum
1334 3758 1468 3832 ordinis
1489 3760 1579 3831 ratio
1594 3755 1788 3849 habeatur,

304 3896 341 3954 et
365 3882 552 3956 veniamus
580 3881 773 3980 aliquando
804 3884 849 3957 ad
879 3883 1076 3960 clausulam
1103 3881 1339 3957 Lumbricum
1372 3889 1577 3951 terrestrem
1612 3878 1660 3947 iu·
1688 3888 1792 3948 statu

305 4000 455 4074 normali
480 4025 553 4074 suae
576 4000 861 4099 reproductionis
883 4005 1071 4102 oviparnm
1093 4026 1188 4094 esse,
1210 4000 1301 4075 dum
1321 4021 1342 4071 e
1362 3995 1538 4070 contrario
1561 3995 1792 4097 ovo-rivipu-

303 4147 404 4213 rum,
433 4147 517 4195 cum
537 4135 613 4194 arte
638 4148 658 4194 a
688 4121 792 4196 modo
813 4124 968 4196 naturali
991 4122 1205 4198 deflectitur.
