4244 5850
898 537 1054 639 (119)

221 713 430 811 sensimque
452 721 633 809 augentur
654 718 692 779 et
708 703 880 803 desinunt
898 703 1045 776 tandem
1066 703 1200 804 singuli
1218 706 1501 780 extumescentit
1520 681 1727 809 pyriformi,

222 847 297 907 tam
317 831 433 907 crasso
454 830 515 906 vel
536 828 697 903 crassiori
719 849 830 924 quam
851 822 1041 900 cerebrum
1061 826 1200 924 ipsum.
1227 828 1319 900 Duae
1343 827 1414 902 illae
1434 835 1729 908 extumescentiae
1776 844 1780 849 '

221 952 500 1056 coniunguntur
522 952 561 1022 in
589 949 634 1035 d,
662 947 760 1045 (fig.
785 946 821 1018 3.
850 946 928 1018 tab.
961 942 1055 1019 XV
1055 947 1109 1019 II
1119 949 1252 1022 -XV
1247 950 1341 1022 ΙΙΙ.
1356 964 1394 1023 et
1421 977 1464 1037 c,
1480 952 1558 1051 fig.
1583 958 1603 1026 1
1634 969 1673 1028 et
1688 959 1725 1027 2.

221 1077 302 1149 tab.
318 1074 434 1148 XIX
445 1117 469 1128 -
487 1072 610 1145 XXI.
622 1072 654 1169 )‚
674 1095 742 1143 nec
763 1083 885 1141 tamen
908 1068 1185 1143 confunduntur
1202 1083 1241 1143 et
1255 1075 1478 1171 progignunt
1497 1073 1585 1147 duas
1607 1088 1727 1175 partes

220 1197 387 1271 laterales
406 1197 510 1269 nervi
526 1193 757 1267 recurrentis.
779 1193 891 1264 Linea
909 1189 1104 1290 junctionis
1124 1206 1177 1266 est
1193 1194 1387 1270 admodum
1406 1195 1553 1270 visibilis
1568 1223 1636 1297 ope
1654 1201 1727 1272 mi-

221 1317 396 1416 cros'oopii
415 1316 623 1414 optimeque
649 1313 723 1384 fuit
744 1310 921 1383 delineata
947 1338 966 1383 a
988 1311 1063 1384 Cel.
1098 1314 1230 1386 Carus.

268 1438 346 1511 111ae
372 1434 666 1510 extumescentiae
698 1445 783 1506 sunt
810 1432 985 1530 depressae
1012 1447 1049 1506 et
1075 1434 1237 1508 induunt
1261 1462 1355 1547 saepe
1383 1437 1538 1511 formam
1566 1438 1725 1515 duorum

219 1556 486 1656 triangulorum
508 1552 821 1652 rectangulorum‚
845 1552 957 1625 latere
976 1554 1126 1627 minimo
1143 1555 1353 1656 junctorum
1371 1571 1523 1653 W.
1549 1562 1723 1637 Plurimae

218 1704 323 1756 venre
339 1691 404 1751 aut
419 1677 559 1749 arteriae
581 1687 803 1773 percurrunt
824 1700 950 1749 earum
970 1680 1211 1776 superficiem.
1235 1680 1317 1754 Illas
1338 1682 1581 1758 describemus
1603 1711 1721 1785 quum

217 1801 413 1902 loquemur
436 1799 481 1873 de
502 1800 700 1897 Systemate
725 1797 925 1871 Vasculari.

267 1921 432 1996 Tandem
460 1923 682 2021 progignunt
704 1944 834 1995 nervos
857 1921 958 1993 tertii
978 1920 1074 2020 paris
1094 1922 1171 1998 sive
1192 1925 1314 2002 nervis
1335 1924 1537 2000 labialibus.

838 2143 904 2214 De
936 2142 1089 2216 Nervis.

268 2308 470 2385 Cerebrum
496 2321 534 2381 et
562 2306 720 2380 funiculi
749 2305 953 2404 oesophagei
981 2308 1157 2406 originem
1184 2307 1347 2408 praebent
1374 2308 1539 2408 plurimis
1563 2310 1719 2412 'paribus

215 2456 414 2506 nervorum
438 2455 527 2529 quos
547 2453 648 2500 nuno
671 2426 884 2525 descripturi
907 2452 1044 2500 sumus.

224 2574 227 2579 ·
266 2557 321 2626 10.
347 2553 512 2626 Primum
535 2576 600 2648 par
626 2573 822 2624 nervorum
853 2561 916 2621 aut
945 2550 1064 2621 Nervi
1093 2550 1325 2638 Cervicales,
1357 2552 1370 2649 (
1383 2551 1443 2651 ef,
1456 2555 1535 2653 fig.
1561 2559 1580 2626 1
1616 2568 1656 2627 et
1679 2558 1716 2627 2.
1752 2570 1839 2653 Nervi
1857 2542 1927 2629 ⁴car-

215 2673 296 2746 tas
320 2672 601 2765 er-XXJ.
623 2683 660 2742 et
684 2695 744 2755 ee,
760 2670 838 2767 fig.
864 2670 1718 2771 s.tas.XV11-XV111.).uascunrurin
1781 2641 1891 2696 00010·

216 2797 464 2870 extensionem
494 2792 634 2866 cerebri·
654 2806 691 2865 et
710 2805 886 2891 vergunt,
906 2817 980 2865 sese
1003 2792 1217 2865 bifurcando
1237 2795 1358 2892 spatiis
1374 2793 1538 2893 plurimis
1554 2799 1718 2895 interpo-

214 2919 309 3009 sitis,
331 2917 371 2989 in
390 2915 528 2989 labium
550 2918 730 3013 superius.
756 2913 870 2986 Credo
893 2914 986 3012 ipsos
1006 2915 1232 2988 functionem
1255 2913 1388 2987 habere
1411 2928 1455 2988 ut
1474 2915 1718 2990 determinent

151 3052 159 3062 '
213 3051 335 3111 motus
354 3034 466 3138 hujus
488 3038 611 3136 partis.
635 3033 750 3106 Valde
772 3047 857 3106 sunt
880 3035 1022 3132 exigui,
1051 3033 1114 3107 sed
1135 3047 1257 3107 tamen
1280 3033 1392 3107 oculis
1416 3037 1523 3108 nudis
1545 3037 1712 3110 visibiles.

214 3155 273 3231 cl.
292 3158 396 3232 Rots
420 3158 459 3229 in
486 3156 732 3229 dissertatione
754 3180 861 3253 supro
886 3154 991 3226 citatis
1013 3156 1156 3227 eosdem
1178 3155 1372 3229 delineavit
1393 3170 1502 3254 atque
1515 3155 1711 3255 descripsit.
1934 3244 1940 3253 .

262 3281 318 3350 20.
344 3278 553 3352 Secundum
575 3303 641 3376 par
662 3301 858 3350 nervorum
881 3289 945 3349 aut
961 3277 1080 3349 Nervi
1094 3277 1330 3376 Pharyngai.
1360 3278 1549 3378 Originem
1572 3279 1716 3352 ducunt
1742 3297 1827 3382 Nervi
1852 3298 1921 3382 eha-

212 3424 259 3476 ex
281 3398 451 3473 funiculo
470 3396 685 3496 oesoplrageo
712 3410 750 3469 et
771 3397 814 3468 ad
841 3398 1057 3469 exteriorem
1075 3395 1187 3501 hujus
1207 3411 1370 3497 partem3
1399 3398 1649 3471 extenduntur
1671 3399 1709 3471 in
1773 3389 1870 3443 nuga.

212 3516 461 3593 membranam
483 3516 792 3592 submuscularem
816 3531 860 3589 ut
881 3530 1073 3616 penetrent
1094 3519 1130 3590 in
1156 3520 1226 3590 oris
1249 3520 1402 3617 parietes
1424 3517 1547 3617 ibique
1564 3520 1604 3590 in
1625 3520 1712 3591 infi-

210 3641 333 3714 nitum
357 3638 576 3713 dividantur.
607 3639 771 3736 Ipsorum
795 3664 881 3713 usus
903 3663 962 3711 me
981 3639 1080 3711 latet.
1108 3639 1231 3737 [Vide
1253 3641 1323 3738 bg,
1340 3640 1419 3740 fig.
1449 3645 1467 3711 1
1496 3655 1535 3714 et
1564 3645 1602 3715 2.
1629 3642 1711 3715 tad.
1776 3650 1798 3669 ⁸
1868 3650 1871 3657 '
1921 3674 1924 3678 ·

212 3763 329 3837 XIX
340 3762 502 3835 -XXL
529 3773 566 3832 ct
579 3759 647 3858 ff,
664 3759 743 3858 fig.
769 3760 803 3832 3.
832 3760 910 3831 tab.
934 3759 1085 3831 XVII
1092 3760 1336 3858 -XVIII.)

80 3892 88 3899 ’
261 3885 316 3959 30.
342 3884 508 3957 Tertium
523 3909 589 3982 par
608 3883 684 3955 sive
701 3883 822 3954 Nerui
840 3881 1036 3952 Labiales.
1054 3879 1187 3954 Ortum
1205 3895 1356 3955 sumunt
1375 3883 1415 3954 in
1435 3881 1531 3956 latus
1550 3885 1709 3958 exterius
1727 3865 1917 3979 Novitate-

209 4007 353 4108 torquis
369 4020 406 4079 et
426 4006 521 4078 insra
545 4003 623 4106 ejus
646 4007 979 4078 extumescentiam.
1002 4000 1261 4074 Extenduntur
1284 4002 1394 4075 etiam
1417 4003 1456 4075 iu
1478 4004 1706 4102 superficiem
1779 3993 1826 4046 ¹²⁸·

206 4142 397 4204 externam
419 4125 638 4200 membranae
659 4124 939 4199 submuscularis
960 4122 1033 4223 qud
1057 4149 1095 4195 os
1122 4123 1390 4215 circumdatur,
1423 4138 1461 4197 et
1491 4124 1706 4223 quibusdam

207 4248 527 4326 rsmificationibus
542 4248 751 4340 efformatis,
764 4260 922 4347 vergunt
933 4248 971 4318 in
982 4245 1119 4319 labium
1130 4244 1284 4317 inferius
1296 4257 1333 4316 et
1349 4245 1419 4316 cris
1432 4247 1597 4343 parietes.
1615 4244 1705 4318 Mihi

207 4372 330 4447 risum
349 4383 404 4443 est
424 4369 502 4441 illas
522 4368 714 4444 divisiones
728 4393 845 4468 usque
864 4369 903 4440 iu
926 4365 1062 4440 labium
1082 4367 1249 4466 superius
1270 4364 1482 4464 procedere,
1504 4365 1566 4438 sed
1588 4391 1706 4464 quum

206 4492 308 4567 illam
327 4490 612 4566 observationem
633 4493 672 4563 in
695 4493 846 4565 unicum
866 4488 1116 4564 tantummodo
1142 4466 1371 4560 individuum
1398 4486 1592 4558 instituere·
1613 4486 1729 4558 mibi.

204 4610 457 4707 licuit,'illud
483 4609 660 4686 affirmare
685 4637 760 4685 non
781 4611 967 4687 cuderem.
990 4610 1106 4707 (Vide
1125 4609 1166 4680 1ιί
1172 4659 1187 4695 ,
1206 4607 1280 4707 fig.
1305 4610 1325 4679 1
1348 4619 1387 4681 et
1404 4608 1440 4679 2.
1465 4605 1544 4679 tab.
1567 4605 1705 4680 XIX-

204 4732 330 4811 XXI.
357 4745 396 4810 et
418 4759 496 4834 gg,
510 4733 590 4834 fig
614 4733 655 4808 3.
680 4733 761 4807 tab.
782 4729 1189 4821 XV11-·XVIII·)
1359 4772 1365 4779 ·
