4244 5850
973 476 1128 577 (184)

300 647 357 724 el.
384 646 596 744 Monegrr.
623 642 692 718 Hic
714 655 840 718 auctor
859 641 1056 744 pruseru‘m
1081 642 1121 715 in
1145 665 1190 716 eo
1211 663 1293 716 suas
1312 638 1605 743 investigationes
1625 642 1798 723 insu'tus-

300 781 358 844 rat
383 781 422 844 et
444 763 630 865 sequentia
657 761 921 838 observaverat.

351 891 393 961 10
376 883 623 974 ⁰Clitellnm,
648 909 735 958 cum
762 883 907 984 papillis
936 909 1017 984 quar
1042 893 1222 982 occupant
1241 881 1451 956 inferiorem
1474 895 1615 983 partem
1639 840 1799 963 annulo-

302 1034 387 1086 rum
407 1009 618 1081 inter10⁰¹²¹
640 1004 793 1080 ει150110
814 1004 983 1097 annulos,
1005 1004 1094 1103 (aut
1114 1003 1212 1078 16000
1219 1003 1281 1093 ,si
1300 1015 1411 1104 caput
1431 1015 1617 1104 tamquam
1641 1007 1802 1085 annulus

303 1126 486 1226 habetur)
512 1126 805 1216 occurrentium,
826 1138 912 1200 sunt
932 1122 1040 1196 sola
1029 1123 1223 1226 punctionis
1245 1121 1375 1195 media.

351 1249 394 1318 2⁰
424 1243 611 1320 Lumbrici
631 1247 766 1316 cedunt
778 1241 870 1316 alter
888 1242 992 1315 alteri
1012 1266 1088 1315 sese
1107 1242 1321 1342 apponendo
1343 1245 1383 1316 in
1406 1241 1664 1320 directionibus
1684 1273 1802 1351 oppo-

302 1368 397 1461 sitis,
420 1366 471 1439 ita
492 1378 537 1440 ut
558 1363 701 1465 papillae
722 1361 961 1462 respondeant
977 1361 1024 1436 ad
1044 1376 1243 1462 utrumque
1266 1362 1362 1437 infra
1384 1363 1533 1440 alterius
1552 1365 1746 1445 clitellam.

352 1486 393 1560 30
422 1484 466 1557 In
487 1484 556 1557 bio
582 1483 757 1584 positione
783 1481 1002 1556 adhaerentia
1034 1495 1089 1554 est
1113 1483 1239 1555 intima
1270 1483 1405 1557 effectu
1435 1485 1677 1585 papillarum,
1717 1514 1802 1591 qun

302 1608 415 1682 instar
434 1606 758 1679 instrumentorum
779 1627 861 1701 quoe
877 1602 922 1675 ad
940 1601 1143 1702 sugendum
1158 1602 1378 1679 adhibentur
1396 1607 1592 1681 arctissime
1613 1607 1804 1689 adherant

303 1729 344 1800 in
367 1725 508 1825 exiguis
530 1723 726 1798 recessibus
745 1722 1106 1823 correspondentibus
1126 1724 1167 1795 in
1190 1749 1320 1825 corpus
1340 1725 1488 1801 alterius
1512 1727 1689 1804 animalis.

353 1848 396 1940 40
427 1845 487 1918 Sic
510 1869 578 1943 per
598 1842 772 1943 plurimas
792 1842 898 1917 boras
922 1844 1061 1915 immoti
1087 1856 1289 1918 remanent.

355 1966 398 2042 5⁰
427 1965 609 2040 Fremitus
640 1961 889 2038 tantummodo
921 1964 1011 2038 levis
1045 1963 1159 2037 veluti
1193 1963 1438 2040 undabundus
1476 1965 1708 2066 observatur,
1736 1975 1802 2073 qui

307 2087 506 2163 successive
529 2086 568 2159 in
590 2077 743 2160 diversis
757 2086 914 2183 corporis
934 2084 1096 2185 partibus
1118 2085 1238 2160 locum
1262 2084 1382 2161 habet.

354 2209 397 2284 60
428 2205 546 2282 Simul
565 2232 608 2280 ac
629 2220 766 2281 terrore
790 2205 1018 2300 afficiuntur,
1040 2233 1106 2306 per
1130 2231 1322 2281 concussus
1339 2220 1570 2306 separantur,
1589 2223 1628 2284 et
1646 2208 1805 2289 redeunt

305 2327 424 2406 subito
435 2329 475 2401 in
485 2353 549 2402 sua
560 2325 739 2400 foramina
750 2326 815 2401 ubi
823 2352 966 2428 semper
978 2329 1152 2427 posterior
1164 2329 1321 2428 corporis
1335 2354 1417 2427 pars
1426 2328 1569 2405 humus
1580 2333 1802 2433 remanebat.

358 2455 398 2530 70
428 2449 669 2523 Mecanismus
686 2474 760 2550 quo
783 2448 1021 2525 foraminibus
1041 2449 1229 2523 adhaerent
1245 2461 1300 2521 est
1321 2448 1494 2549 analogus
1507 2450 1561 2525 illi
1581 2476 1691 2552 quam
1706 2452 1806 2555 jam-

307 2570 380 2671 jam
402 2569 653 2668 descripsimus
674 2571 714 2641 in
733 2571 849 2668 capite
867 2569 912 2642 de
932 2571 1017 2641 setis
1036 2570 1236 2668 conscripto
1259 2568 1366 2668 (pag.
1388 2569 1481 2670 67.)

358 2692 400 2765 80
435 2687 621 2764 Lumbrici
645 2687 894 2761 tantummodo
919 2704 1130 2786 separantur
1158 2690 1401 2763 contractione
1426 2690 1466 2762 iu
1486 2714 1606 2766 sensu.
1624 2696 1804 2769 conuario

310 2807 439 2885 effecti
454 2832 564 2908 quam
580 2804 833 2907 producuntur
854 2831 922 2907 ope
943 2807 1053 2883 fulcri
1072 2822 1209 2909 puncto
1229 2807 1329 2909 quod
1343 2811 1382 2880 in
1397 2809 1633 2885 foraminibus
1653 2811 1805 2889 habent.

360 2928 444 3003 Illas
470 2925 732 3002 observationes
754 2938 938 3026 tamquam
960 2929 1113 3028 optimas
1134 2926 1181 3003 de
1203 2935 1303 3003 coitu
1324 2928 1456 3024 habui3
1484 2941 1522 3004 et
1540 2957 1655 3031 quum
1683 2935 1807 3011 omnia

312 3075 395 3151 quae
417 3047 512 3122 bene
533 3058 619 3121 sunt
644 3046 739 3120 facta
761 3071 834 3120 non
857 3048 955 3121 refici
980 3047 1157 3143 debeant,
1184 3051 1400 3124 conveniens
1421 3049 1510 3125 duxi
1525 3051 1620 3125 hanc
1640 3053 1806 3155 analysin

311 3168 472 3272 praebere
499 3167 818 3268 investigationum
842 3166 1026 3241 clarissimi
1057 3171 1122 3242 Da
1156 3170 1371 3269 Montdgre.
1413 3171 1457 3243 In
1491 3173 1608 3272 capite
1638 3177 1809 3274 sequenti

311 3290 440 3392 loquar
458 3285 557 3364 de
524 3312 604 3392 eJus
624 3288 778 3362 auctoris
804 3287 1032 3389 opinionibus
1052 3288 1098 3362 de
1120 3288 1254 3365 effectu
1273 3291 1522 3391 copulationis.

363 3410 440 3485 Cel.
453 3407 665 3484 Linnoeus'
654 3434 726 3511 lam
748 3409 1049 3488 animadverterat
1070 3411 1281 3486 Lumbricos
1298 3419 1396 3485 coire
1420 3412 1466 3486 ad
1483 3412 1657 3507 humum,
1677 3428 1716 3489 et
1736 3414 1808 3491 cli-

314 3531 474 3608 tellum
464 3557 504 3604 sn
525 3528 778 3630 copulatione,
807 3556 961 3607 munere
986 3533 1119 3606 eximio
1140 3531 1259 3633 fungi
1301 3534 1430 3630 Ray
1418 3557 1459 3606 ιιι
1483 3534 1697 3607 historio
1680 3561 1809 3612 smee-

314 3664 456 3737 torum,
489 3651 626 3751 optime
648 3648 750 3725 hunc
774 3662 895 3725 actum
918 3651 1137 3731 observavit:
1162 3652 1320 3727 examini
1349 3652 1473 3726 critico
1498 3627 1718 3755 subjecimus
1741 3653 1807 3731 illa

314 3797 396 3874 que.
422 3769 532 3865 dixit,
556 3781 595 3845 et
615 3771 735 3845 omnia
760 3771 902 3848 veritati
924 3784 1159 3849 consentanea
1183 3771 1395 3871 reperimus.
1433 3795 1457 3844 (ι
1472 3772 1580 3843 Dum
1606 3773 1685 3847 sibi
1704 3774 1809 3849 imi-

314 3920 394 3968 cem
423 3893 588 3981 tuens,
616 3894 759 3994 inquit,
794 3895 925 3993 capita
963 3920 1114 3969 sursum
1139 3893 1398 3997 reflectamur,
1430 3904 1469 3964 et
1487 3891 1621 3964 humor
1647 3893 1809 3992 quidam

314 4013 520 4114 infisaurn
541 4016 838 4117 interutrosque
862 4029 985 4117 nom.
1010 4017 1054 4090 Si
1077 4027 1251 4089 coconem
1269 4012 1515 4113 dumus,
1544 4013 1716 4086 maculas
1736 4038 1809 4090 seu

313 4135 491 4236 guttulas
522 4134 620 4208 duas
642 4130 853 4243 albicantes
872 4161 1044 4235 persoepe
1070 4134 1241 4224 videbis5
1278 4158 1329 4205 on
1348 4131 1451 4230 forte
1477 4133 1659 4228 sperma?
1685 4134 1809 4208 Noeta

309 4254 526 4393 proesertim
542 4255 746 4352 pluviosa,
775 4258 911 4329 coemes
926 4269 965 4329 et
984 4255 1039 4328 od
1056 4279 1231 4327 aurorum
1252 4277 1374 4350 usque
1393 4251 1588 4324 saturent.
1608 4250 1663 4323 Cl.
1679 4252 1811 4328 Homo

317 4376 359 4450 in
380 4375 624 4451 dissertatione
648 4374 779 4451 subde
801 4376 1030 4477 generatione
1049 4372 1345 4466 Lumbricorum,
1374 4371 1483 4445 etiam
1510 4394 1638 4445 eorum
1656 4370 1811 4472 copula-

319 4498 457 4573 tionem
471 4494 669 4598 descripdt.
685 4492 840 4571 Admisit
856 4498 1037 4599 praecipua
1048 4495 1284 4597 phoenomena
1303 4518 1385 4594 quse
1402 4491 1507 4568 modo
1519 4496 1809 4588 numeravimus}
