4244 5850
915 538 1043 639 (85)

223 709 345 807 ipsum
365 707 691 802 circumdantibus,
711 709 824 782 itaut
844 706 991 781 nullum
1011 707 1168 804 spatium
1191 732 1348 783 vacuum
1373 705 1431 782 vel
1455 705 1580 779 saltem
1603 703 1725 779 sulem

223 828 418 929 parallelus
445 829 634 904 directioni
658 828 829 904 fibrarum
851 827 1091 928 relinquatur.
1119 828 1210 903 Hoec
1234 829 1304 902 tela
1323 824 1471 902 'densata
1490 841 1529 902 et
1554 831 1725 901 continua
1750 921 1758 938 δ

223 950 378 1051 impedit
396 954 811 1051 quominus-separentur
828 963 866 1022 et
881 951 1099 1049 aspiciantur
1115 952 1289 1025 fasciculi.
1311 953 1358 1024 In·
1371 951 1573 1026 Lambricis
1591 965 1725 1024 terres*

225 1072 343 1150 tribus
360 1074 438 1147 haec
456 1075 526 1150 tela
544 1074 723 1149 cellularis
742 1083 797 1146 est
818 1072 952 1163 albida,
975 1072 1211 1166 translucida,
1235 1075 1382 1146 omniuo
1398 1072 1522 1146 similis
1538 1059 1600 1145 illi
1613 1062 1724 1173 quam

225 1192 457 1272 observamus
471 1200 567 1271 inter
589 1196 680 1271 duos
701 1194 853 1268 annulos
872 1193 1132 1292 subsequentes
1146 1208 1184 1268 et
1205 1196 1251 1268 ad
1271 1220 1397 1268 eorum
1419 1196 1724 1268 intersectionem.

250 1360 256 1369 ·
277 1317 434 1393 Musculi
446 1321 533 1418 ipsi,
550 1318 650 1395 verbi
667 1318 799 1417 gratiis,
816 1316 1096 1413 longitudinales
1111 1317 1287 1392 ventrales
1304 1317 1520 1408 etdorsales,
1537 1317 1632 1415 (vid.
1646 1319 1724 1391 rab.

226 1440 328 1515 XV
321 1441 404 1515 III
410 1483 435 1499 —
446 1441 594 1539 XIX.)
609 1453 822 1539 separantur
833 1439 929 1509 inter
939 1461 977 1508 se
989 1436 1058 1509 sela
1072 1436 1232 1510 cellulari
1244 1437 1351 1509 simili
1362 1438 1424 1511 sed
1438 1442 1550 1536 magis
1566 1437 1725 1510 extensis.

276 1562 440 1636 Tandem
458 1588 613 1662 quaeque
636 1562 741 1653 fibra,
761 1559 932 1660 quodque
951 1559 1177 1632 filamentum
1197 1559 1419 1650 musculare,
1437 1586 1457 1630 a
1473 1585 1537 1632 suo
1555 1558 1727 1630 fasciculo

227 1698 476 1784 segregatum,
493 1683 740 1757 circumdatur
763 1682 832 1755 tela
853 1680 1033 1772 cellulari,
1052 1706 1094 1754 eo
1113 1683 1271 1754 tenuiori
1293 1695 1329 1754 et
1345 1681 1500 1754 densiori
1520 1708 1594 1780 quo
1615 1683 1728 1777 magis
1770 1714 1776 1725 ·

228 1807 370 1905 exiguae
392 1819 478 1879 sunt
505 1805 621 1896 fibrae,
656 1831 739 1904 quae
767 1803 836 1876 tela
865 1801 1045 1876 cellularis
1077 1804 1197 1902 ipsum
1224 1803 1452 1876 {ilementum
1483 1829 1569 1877 cum
1601 1802 1728 1877 ricinis

229 1926 421 2001 litamenris
450 1925 651 2027 conjungit.

248 2096 251 2103 ·
275 2049 316 2123 si
333 2075 435 2124 nunc
450 2075 569 2122 unum
589 2074 635 2122 ex
651 2048 722 2121 illis
735 2048 925 2121 filamentis
942 2049 1173 2147 microscopio
1189 2047 1415 2149 subjicimus,
1429 2048 1594 2123 ridemus
1608 2049 1728 2145 ipsum
1749 2055 1864 2111 Fibrilla
1875 2056 1965 2134 ‚mut

231 2181 374 2243 tantum
396 2194 474 2242 esse
495 2171 733 2268 compositum
761 2194 807 2240 ex
831 2166 987 2261 fibrillis,
1014 2171 1109 2242 inter
1129 2195 1167 2241 se
1194 2168 1397 2270 conjunctis
1423 2168 1548 2241 eddom
1575 2167 1636 2240 illt
1657 2166 1730 2240 telis
1796 2126 1904 2178 crusna.

230 2288 393 2364 cellulari
414 2290 578 2382 densata,
596 2288 797 2363 modificati
819 2289 858 2360 in
881 2290 1136 2387 compositione
1158 2303 1196 2363 et
1211 2289 1336 2364 ordine
1355 2316 1423 2387 pro
1438 2291 1556 2390 specie
1573 2287 1730 2363 musculi
1827 2352 1828 2355 ,

231 2423 268 2485 ot
290 2411 505 2511 magnitudo
527 2411 671 2485 illarum
694 2410 919 2483 librillarum.
1080 2406 1088 2419 ‘

267 2531 356 2607 'lllae
371 2531 511 2605 fibrillae
531 2532 701 2608 videntur
716 2534 803 2605 oriri
823 2557 867 2605 ex
883 2530 1070 2632 junctione
1088 2532 1348 2630 particularum
1368 2533 1730 2632 simplicissimamrrn,

177 2701 179 2704 -
231 2665 268 2725 et
293 2653 442 2726 lormari
470 2679 515 2725 ex
544 2653 740 2725 substantii
767 2653 935 2752 proprisi,
966 2654 1225 2752 comprehensis
1251 2657 1427 2754 sanguiue
1458 2669 1495 2727 et
1520 2652 1634 2754 ejecti
1662 2653 1731 2726 boc

229 2773 370 2874 liquido
384 2774 452 2848 sub
467 2774 584 2847 formai
600 2773 773 2848 librarum
795 2800 877 2872 quae
900 2773 1134 2873 deponuntur
1149 2802 1263 2875 quum
1281 2802 1326 2848 ex
1345 2801 1493 2876 corpore
1513 2775 1728 2848 extrahitur.

225 2894 331 2993 (vid.
356 2897 511 2982 Covier,
531 2896 749 3003 Anotomie
766 2903 978 2991 compare'e,
1000 2911 1088 2969 tom.
1104 2899 1142 2970 I.
1148 2925 1245 2996 pag.
1262 2900 1347 2998 90)
1370 2899 1581 2972 &mandem
1601 2922 1732 2970 recen-

234 3017 384 3091 tissimas
414 3016 587 3116 plurium.
616 3029 806 3089 auctorum
837 3016 1122 3111 observationes,
1154 3019 1283 3091 librilla
1320 3019 1535 3093 muscularis
1569 3031 1732 3090 constare

204 3122 210 3133 ⁸
236 3138 380 3212 videtur
416 3164 460 3212 ex
492 3137 748 3240 conjunctione
776 3162 951 3236 perquam
983 3140 1216 3213 minimorum
1252 3138 1481 3239 globulorum
1523 3139 1733 3211 substantioe

233 3261 425 3360 pectiliaris
455 3260 617 3332 animalis
646 3258 853 3359 singulatim
885 3262 1142 3359 appositorum.
1184 3264 1237 3334 Ea
1268 3262 1447 3336 illustrare
1480 3258 1728 3336 observatione

234 3381 360 3456 datum
383 3382 473 3454 mibi
499 3408 573 3454 non
597 3381 681 3454 suit.

280 3504 438 3577 Fibrillae
461 3531 536 3577 non
558 3517 644 3577 sunt
669 3529 784 3594 cavae,
817 3502 879 3576 sed
906 3504 1078 3580 ridentur
1102 3531 1178 3580 csse
1201 3504 1280 3580 tubi
1305 3503 1493 3606 cylindrici
1514 3505 1661 3577 formati
1686 3528 1732 3576 ex

233 3624 429 3701 substantii
444 3626 635 3717 continuit,
653 3652 734 3725 quae
749 3627 926 3723 integram
942 3628 1132 3700 cavitatem
1144 3628 1285 3728 implet.
1307 3626 1383 3700 Cel.
1401 3630 1574 3722 [panna
1583 3626 1734 3724 sculpsit

232 3746 445 3823 librillarum
473 3750 605 3847 figuras
634 3748 882 3820 musculorum
912 3749 1042 3820 Erucae
1078 3750 1218 3821 Cossus
1245 3748 1481 3848 ligniperdoe.
1517 3746 1734 3821 Lumbricus

236 3871 412 3944 terrestris
432 3895 505 3941 non
527 3895 696 3967 magnam
713 3871 752 3951 in
771 3871 844 3943 suis
864 3868 999 3941 [ibrillis
1021 3869 1170 3943 exbibet
1190 3872 1428 3944 mutationem
1443 3871 1584 3942 formas..

279 3989 324 4062 ln
349 3990 608 4087 experimentis
626 3991 714 4062 meis
731 3989 853 4088 quoad
872 3992 1087 4088 sanguinem
1109 3993 1403 4080 Lumbricorum,
1427 4017 1521 4091 saepe
1547 3992 1732 4066 observavi

225 4110 576 4210 ·fibrillamaliquido
588 4126 886 4210 separatam,sese
898 4111 1139 4211 deponentem
1150 4114 1219 4190 sub
1229 4113 1344 4188 formis
1356 4114 1500 4188 filorum
1511 4112 1732 4187 radiatorum

234 4234 319 4335 plats
330 4236 498 4310 minusve
517 4235 721 4333 longorum.
742 4235 811 4307 Sed
833 4234 1012 4308 affirmare
1029 4262 1104 4309 nou
1120 4237 1291 4311 auderem
1306 4236 1368 4308 illa
1387 4235 1568 4309 filamenta
1584 4233 1734 4306 omnino

236 4379 311 4430 esse
328 4355 459 4428 similia
481 4353 620 4428 fibrillis
640 4355 926 4448 muscularibus,
957 4358 1023 4428 etsi
1045 4356 1201 4432 colorem
1223 4356 1394 4456 excipias.
1424 4357 1568 4428 Etenim
1591 4353 1731 4428 fibrillae

229 4477 394 4578 'regulari
424 4477 541 4550 formis
566 4504 708 4577 semper
731 4480 1002 4580 insigniunturt
1022 4492 1109 4553 sunt
1130 4490 1238 4552 rectae
1265 4491 1303 4551 et
1332 4478 1512 4551 continuae
1536 4474 1648 4549 nullis
1671 4502 1732 4548 ra-

230 4596 511 4672 mifioationibus
533 4598 725 4693 distinctae3
751 4600 932 4676 filamenta
951 4626 1038 4679 vero
1058 4627 1103 4676 ex
1118 4602 1302 4701 ,sanguine
1327 4597 1479 4672 oriunda
1505 4598 1567 4671 hle
1591 4611 1629 4672 et
1656 4597 1731 4671 illic

238 4733 321 4794 sunt
338 4717 474 4794 inflatae
495 4732 533 4795 et
549 4721 656 4793 etiam
679 4719 893 4796 dividuntur
909 4724 949 4796 in
965 4746 1083 4800 ramos
1098 4712 1163 4825 ipsi
1179 4723 1246 4823 ipsi
1268 4717 1527 4800 subdivisiones
1543 4717 1728 4798 exhibent.
