4244 5850
896 501 912 601 (
938 501 1009 584 183
1034 499 1048 599 )
1074 490 1079 499 ’

98 685 102 690 ⁴
223 689 473 763 tarcessum
496 701 571 751 non
597 675 719 749 locum
741 671 895 762 habere,
928 681 973 741 et·
986 691 1081 768 saepe
1101 665 1196 738 circa
1216 677 1372 766 quatum
1395 674 1462 737 aut
1481 662 1544 736 sex
1572 664 1716 757 oraria,

223 806 374 906 reperiri
396 812 552 901 quatuor
568 811 632 870 aut
647 821 709 868 sex
726 819 871 890 corpora
889 792 1126 882 filamentosa3
1149 788 1212 862 sed
1229 802 1317 862 tunc
1336 782 1422 860 sunt
1438 786 1553 885 magis
1566 786 1716 886 exigua,

224 919 328 1003 eteo
357 947 511 997 nomem
537 907 755 1009 occurrunt,
798 915 882 1013 quia
911 914 1030 1011 priora
1068 908 1248 996 subdivisa
1280 909 1445 981 fuerunt.
1480 906 1626 980 Etenim
1655 906 1717 981 illa

225 1047 351 1125 divisio
367 1042 540 1117 facillime
561 1039 733 1130 efficitur,
757 1049 850 1110 etex
861 1048 990 1108 natura
1004 1032 1220 1110 filamentosa
1237 1031 1368 1104 horum
1386 1052 1576 1129 corporum
1598 1027 1718 1101 adhuc

228 1167 454 1268 frequentior
475 1162 608 1237 evadit.
1396 1255 1399 1260 .

268 1275 440 1385 Denique
455 1308 549 1382 saepe
564 1280 800 1354 animadverti
822 1281 992 1352 inferiora
1014 1276 1152 1368 oraria,
1174 1274 1219 1347 ad
1244 1272 1486 1346 evolutionem
1502 1271 1717 1363 lentissima,

224 1405 367 1479 nonnisi
388 1405 432 1501 in
462 1399 664 1474 Lumbricis
696 1401 860 1472 maximis
882 1413 920 1470 et
947 1397 1168 1473 validissimis
1201 1395 1365 1467 existere.
1404 1393 1571 1464 Attamen
1603 1392 1718 1465 fateor

224 1519 388 1602 tecnon
416 1523 614 1621 generatim
643 1520 765 1593 locum
788 1519 941 1611 habere,
964 1533 1000 1591 et
1029 1516 1239 1593 Lumbricos
1260 1514 1418 1615 juniores
1444 1514 1487 1584 iis
1510 1513 1643 1610 pariter
1675 1538 1717 1584 ac

224 1644 360 1744 primes
373 1697 376 1702 ,
390 1643 533 1714 instrui.
564 1639 765 1711 Certissime
793 1640 903 1711 statui
921 1649 1036 1736 potest
1060 1635 1133 1737 illa
1148 1661 1297 1736 organa,
1325 1658 1436 1708 verno
1467 1631 1719 1706 tantummodo

227 1777 405 1863 tempore,
433 1759 599 1834 omnibus
624 1759 901 1857 proprietatibus
923 1758 1093 1857 gaudere.

273 1885 330 1955 En
350 1906 432 1980 quae
457 1879 606 1953 dicenda
624 1893 726 1952 erant
748 1879 793 1952 de
815 1880 956 1977 organis
977 1877 1215 1977 generationis
1230 1874 1527 1949 Lumbricorum:
1544 1871 1717 1946 testiculis

226 2015 289 2077 snt
303 2003 445 2102 organis
458 1999 643 2091 masculis,
662 2000 790 2072 ovariis
805 2003 879 2073 sive
891 2003 1030 2100 organis
1048 2000 1225 2072 femineis.
1245 1998 1282 2071 Si
1299 2009 1396 2070 recte
1407 1993 1630 2094 loquendum
1646 2008 1715 2085 est,

225 2119 381 2196 testiculi
403 2117 654 2193 tantummodo
674 2133 792 2192 essent
813 2147 945 2218 organa
968 2121 1236 2219 praeparatoria,
1258 2131 1296 2192 et
1309 2105 1446 2192 'ductus
1472 2129 1535 2190 aut
1556 2105 1613 2188 [ila
1635 2139 1721 2214 quae

225 2252 383 2341 pergunt
403 2237 450 2312 ad
469 2239 606 2329 oraria,
634 2241 784 2335 ponium
809 2240 1013 2313 fonctiones
1032 2253 1197 2340 agerent,
1226 2237 1529 2339 quemadmodum
1554 2239 1594 2311 in
1614 2236 1719 2337 gallis·

227 2360 431 2463 gallinaceis
453 2359 584 2434 canalis
606 2360 774 2434 deferens
791 2361 918 2433 iisdem
939 2361 1149 2436 muneribus
1173 2359 1423 2461 iungitur(1·).

274 2484 478 2581 Antequam
502 2505 650 2581 agamus
666 2479 710 2552 de
727 2480 932 2556 evolutione
948 2508 1097 2555 ovorum
1115 2496 1152 2555 et
1180 2481 1383 2580 pullorum,
1407 2479 1570 2580 quaedam
1588 2503 1716 2579 super-

227 2617 311 2679 sunt
332 2603 485 2678 dicenda
509 2601 554 2675 de
574 2607 673 2674 coitu
695 2598 845 2701 ejusque
867 2602 1065 2676 effectibus.

694 2858 884 2931 CAPUT
926 2857 1250 2933 SECUNDUM..

853 3095 908 3141 ne.
952 3074 1096 3140 coire.

275 3271 463 3374 copulatio
500 3272 778 3349 Lumbrieorum
802 3275 880 3350 fere
912 3277 1021 3353 simul
1049 3303 1090 3350 ac
1119 3285 1248 3351 eorum
1272 3277 1460 3350 existentia
1482 3274 1602 3374 agnita
1627 3273 1870 3378 illibatisque
1900 3296 1940 3349 tn-

226 3391 563 3477 Aldrovandusde
586 3393 647 3466 illa
660 3393 835 3493 loquitur,
856 3410 894 3469 et
915 3422 999 3470 cum
1016 3396 1181 3496 plurimis
1196 3397 1273 3470 aliis
1289 3395 1470 3471 veteribus
1491 3391 1718 3486 auctoribus,
1782 3378 1899 3422 ⁸¹¹³¹¹¹'⁰’

226 3537 290 3586 nos
309 3511 435 3606 docet,
452 3513 661 3587 Lumbricos
683 3521 861 3614 coireper
878 3517 1039 3595 mediam
1066 3519 1378 3618 circitercorporis
1397 3531 1559 3617 partem,
1587 3528 1713 3591 ettam

225 3647 322 3708 arcte
341 3634 436 3706 inter
452 3658 495 3705 se
514 3633 704 3734 conjungi,
730 3649 773 3709 ut
795 3638 915 3736 potius
938 3638 1159 3713 eliderentur
1183 3664 1292 3736 quam
1316 3651 1590 3737 separarentur3
1616 3637 1714 3736 quod
1824 3648 1825 3652 ’

225 3765 347 3827 tamen
380 3751 620 3828 observationi
649 3753 879 3846 adversatur,
917 3755 1219 3856 quemadmodum
1253 3781 1351 3855 saepe·
1382 3757 1454 3831 vidi
1483 3771 1521 3829 et
1552 3755 1716 3855 probavit

274 4008 319 4077 (r)
338 4004 391 4059 Hic
408 4022 532 4076 suppone
542 4005 690 4079 glandulas
697 4009 868 4079 esophageas
879 4009 1042 4078 ad‘systema
1060 4007 1227 4065 nauitivum
1242 4009 1377 4083 pertinere
1384 4050 1400 4080 ,.
1414 4010 1464 4064 etsi
1482 4009 1557 4064 nihil
1568 4008 1641 4064 illud
1656 4007 1714 4063 evi-

226 4094 320 4149 denter
335 4095 440 4165 probet.
459 4095 531 4149 Usus
546 4097 645 4151 irarum
663 4099 857 4169 glandularum
873 4099 987 4151 omnino
1003 4098 1104 4164 lateam
1124 4099 1214 4153 nescio
1230 4116 1266 4154 sn
1282 4100 1398 4162 durante
1411 4099 1614 4164 fecundatioais
1629 4107 1690 4152 actu
1702 4138 1715 4166 ‚,

224 4180 317 4256 sliqns
333 4183 488 4255 iunguntur
502 4185 655 4241 functione.
677 4188 781 4243 Eadem
798 4187 913 4242 dicenda
931 4198 994 4242 sunt
1005 4188 1038 4242 de
1052 4187 1216 4259 quibusdam
1231 4190 1401 4261 corpusculis
1414 4189 1624 4255 albescentibus,
1638 4188 1714 4242 elon·

223 4273 506 4345 genesarenorum
523 4295 619 4342 cereas,
636 4295 696 4348 quae
712 4295 783 4349 seps
802 4278 874 4331 inter
891 4279 983 4332 oraria
1005 4289 1032 4332 et
1047 4280 1186 4334 testiculos
1202 4283 1315 4350 inveni,
1335 4282 1428 4353 posita
1442 4282 1483 4337 ad
1494 4282 1668 4353 oesophegum
1685 4288 1716 4335 et

225 4363 465 4441 supraglandulas
482 4385 549 4437 quas
563 4368 737 4440 oesoplsageas
748 4369 895 4439 appellavit
917 4373 972 4437 (ln
986 4370 1150 4441 quibusdam
1165 4387 1287 4425 mearum
1303 4373 1457 4426 tabularum
1475 4370 1611 4427 &lineus
1623 4384 1714 4425 occur-

225 4457 321 4521 runt).
337 4454 372 4508 Si
386 4453 434 4508 illa
448 4470 558 4526 corpora
574 4457 743 4528 generationi
755 4459 923 4529 inserviunt,
941 4479 997 4516 non
1009 4461 1126 4517 arbitror
1142 4463 1190 4518 illa
1208 4463 1245 4518 ad
1257 4480 1316 4518 eam
1333 4464 1480 4518 necessario
1496 4461 1577 4515 modo
1593 4459 1716 4532 requiri,

224 4545 304 4613 qais,
324 4544 354 4598 in
370 4543 528 4599 immediate
549 4559 610 4617 post
626 4549 827 4619 copulationem
844 4551 945 4623 apertis
964 4553 1130 4622 Lumbrieis,
1149 4553 1227 4608 nulla
1244 4552 1341 4624 reperi.
1360 4552 1511 4608 Praesertim
1529 4550 1649 4622 hyems,
1661 4532 1716 4602 ius

224 4649 335 4705 corpora
354 4634 503 4690 modum
522 4647 587 4693 sunt
604 4639 759 4710 conspicua.
