4244 5850
928 514 1059 615 (87)

689 776 734 851 A.
785 774 851 847 De
874 773 1071 851 Musculis
1103 770 1289 869 Corporis.
1365 877 1368 881 Ι

292 988 450 1066 Musculi
466 988 624 1089 corporis
643 1013 733 1088 quos
748 987 788 1059 in
809 981 1004 1057 Lumbrico
1025 984 1184 1056 terrestri
1200 981 1384 1059 observari
1400 1009 1473 1058 non
1487 987 1647 1062 multum
1664 988 1739 1063 dif—
1756 1000 1858 1084 Eprum
1875 1003 1968 1084 aueto-

242 1110 371 1186 fertmt
391 1138 412 1184 a
436 1110 609 1184 musculis
633 1111 697 1210 qui
724 1109 764 1181 in
785 1105 964 1180 Ilirudine
986 1103 1154 1176 officinali
1182 1119 1391 1179 occurrunt.
1416 1106 1585 1182 Studium
1609 1109 1740 1188 horum
1758 1074 1969 1198 dlbdbmmlllid·

241 1231 481 1332 posteriorum
496 1230 744 1306 musculorum
760 1230 825 1329 qui
841 1227 953 1326 magis
968 1238 1054 1299 sunt
1066 1225 1224 1299 distincti
1237 1238 1274 1298 et
1289 1227 1471 1300 manifesti
1483 1255 1555 1302 non
1565 1232 1742 1333 exignum
1758 1209 1802 1266 ¹5⁸·

242 1351 362 1427 adfert
386 1354 564 1428 auxilium
593 1352 670 1446 illi,
701 1352 766 1452 qui
792 1348 974 1423 musculos
999 1346 1276 1421 Lumbricorum
1308 1349 1643 1452 investigationibus
1667 1358 1743 1430 suis

242 1471 435 1548 submittit.
464 1473 583 1548 Motus
603 1473 795 1571 utriusque
811 1467 974 1543 animalis
992 1492 1213 1566 quamquam
1230 1495 1447 1571 magnopere
1469 1475 1576 1548 variae
1587 1530 1597 1567 ,
1619 1488 1743 1551 tamen

243 1592 371 1667 eidem
391 1594 486 1667 fiunt
501 1594 659 1685 ratione,
681 1606 717 1664 et
736 1603 930 1692 praeterea,
946 1614 1054 1662 nemo
1076 1588 1242 1664 dubitare
1263 1605 1379 1691 potest
1397 1596 1487 1692 quin
1504 1596 1543 1666 in
1560 1594 1742 1697 plerisque

246 1712 504 1806 Annelidibus‚
527 1739 660 1813 organa
682 1714 801 1784 motds
824 1710 869 1783 ad
885 1710 1055 1784 eumdem
1071 1721 1200 1810 typum
1223 1714 1295 1785 sint
1316 1713 1536 1790 conformata
1554 1730 1591 1790 et
1609 1743 1743 1793 secun-

246 1830 333 1908 dum
356 1833 454 1908 idem
476 1835 697 1933 principium
719 1844 838 1933 agant.

289 1954 462 2032 Studium
480 1958 612 2031 borum
628 1955 876 2030 musculorum
898 1980 971 2027 non
989 1980 1134 2054 magnas
1152 1980 1227 2054 prae
1246 1980 1283 2028 se
1304 1955 1376 2028 sert
1394 1955 1637 2052 difficultates,
1657 1965 1743 2060 qnia

244 2074 353 2152 simul
375 2080 477 2151 acin
496 2105 572 2152 uno
593 2077 729 2152 annulo
751 2090 918 2152 accurate
940 2077 1093 2150 fuerunt
1117 2075 1311 2169 observati,
1342 2078 1438 2151 nibil
1461 2079 1565 2153 ardui
1587 2080 1748 2181 amplius

244 2200 488 2299 investigatori
510 2198 657 2275 obvium
678 2200 777 2274 venit
795 2196 913 2298 quoad
933 2211 1070 2271 ceteros
1089 2196 1254 2270 annulos.
1280 2197 1419 2271 Annuli
1440 2201 1536 2273 enim
1559 2201 1743 2276 tantulum

245 2320 516 2413 modificantur,
539 2333 583 2394 ut
599 2323 639 2392 in
659 2320 810 2420 singulis
830 2320 986 2419 corporis
1008 2317 1169 2419 partibus
1190 2318 1353 2392 eamdem
1369 2320 1523 2393 formam
1542 2322 1745 2423 eademque

244 2467 375 2545 organa
397 2442 604 2517 exhibeant.
641 2442 743 2516 Illius
765 2441 900 2544 regulae
923 2449 1153 2540 exceptiones
1185 2439 1259 2541 jam
1286 2440 1525 2516 indicavimus
1552 2469 1668 2545 quum
1697 2444 1743 2518 de

245 2564 389 2639 annulis
411 2564 550 2637 fuimns
568 2564 693 2637 locuti.
723 2564 764 2635 In
789 2589 832 2637 eo
856 2565 1053 2662 presertim
1081 2562 1242 2636 musculi
1261 2563 1465 2638 Erncarnm
1486 2577 1524 2638 et
1545 2567 1745 2644 Larvarum

243 2686 463 2761 insectorum
486 2713 506 2758 a
527 2684 701 2759 muscufis
724 2684 947 2757 Annelidum
973 2684 1190 2783 ‹fiscrepant

294 2805 487 2905 Quidquid
512 2804 581 2878 bic
603 2805 648 2878 de
675 2830 715 2879 re
735 2806 798 2898 sit,
824 2805 864 2878 in
892 2803 1086 2878 Lumbrico
1114 2806 1274 2879 terrestri
1299 2804 1480 2907 distinguo
1508 2820 1581 2880 tres
1609 2809 1745 2909 species

242 2922 492 3001 musculorum
517 2927 693 3026 corporis:
727 2929 767 2997 1⁰
795 2923 992 2998 annulares
1010 2925 1279 3020 transversaleS,
1308 2930 1352 2998 2α
1370 2927 1563 3002 annulares
1584 2927 1743 3028 obliqui,

247 3046 289 3121 3⁰
309 3046 608 3148 longitudinales.

573 3247 626 3315 1⁰.
676 3243 854 3315 Muscnli
878 3246 1109 3317 Annnlares
1135 3245 1422 3317 transversales.

291 3406 435 3483 Nomen
452 3409 699 3484 musculorum
712 3410 955 3481 annularium
973 3411 1284 3482 transversolium
1295 3410 1414 3484 tribuo
1427 3410 1597 3484 musculis
1609 3437 1745 3510 angus-
1777 3424 1919 3484 Definino.

236 3530 309 3623 tu,
331 3529 516 3605 latioribus
537 3557 647 3630 quam
670 3529 908 3630 longioribus,
934 3532 1116 3630 integrunt
1143 3558 1273 3632 corpus
1294 3532 1615 3633 complectentibus
1631 3534 1743 3606 instar

234 3653 466 3727 annulorum
486 3653 619 3751 quibus
641 3655 907 3745 contineretur,
935 3652 1032 3725 fibris
1053 3653 1238 3757 parallelis
1248 3654 1541 3729 transversalibus
1557 3667 1594 3727 et
1613 3680 1743 3754 parum

232 3774 421 3851 distinctis
447 3775 617 3874 praeditis.

290 3894 426 3970 Nullus
436 3910 579 3988 auctor,
598 3895 679 3968 meai
698 3895 822 3967 saltem
836 3895 1032 3983 sentcntid,
1053 3920 1113 3968 eos
1128 3895 1339 3969 observavit.
1361 3894 1414 3967 cl.
1435 3895 1554 3968 Carus
1576 3895 1736 3970 animad-
1763 3897 1902 3980 Hiarortqa
1925 3899 1966 3950 ³¹¹·

225 4017 354 4093 vertit
370 4017 550 4090 musculos
566 4017 623 4089 his
638 4017 770 4089 similes
786 4018 823 4088 in
840 4017 1034 4090 Hirudine
1050 4018 1269 4090 medicinali
1273 4047 1289 4106 ,·
1302 4018 1398 4116 ipsos
1411 4043 1478 4116 ego
1492 4022 1600 4091 etiam
1623 4020 1742 4118 reperi
1797 3978 1914 4025 'muno'

224 4135 280 4213 fn
304 4136 377 4211 boc
392 4137 557 4229 animali,
580 4139 620 4210 in
640 4138 877 4234 Erpobdell'd
897 4139 1070 4236 vulgari,
1096 4151 1134 4210 et
1148 4140 1185 4210 in
1208 4137 1377 4210 omnibus
1395 4137 1632 4212 Annelidibus
1654 4165 1743 4238 qnos

224 4258 428 4333 ffioeoeavi.
461 4257 674 4331 Videbimus
699 4258 777 4330 illos
805 4282 880 4330 esse
908 4259 1122 4331 necessarios
1144 4260 1183 4330 in
1211 4257 1368 4331 motibus
1397 4258 1616 4332 annulorum
1645 4258 1744 4359 apud

224 4380 364 4454 emnia
386 4379 554 4452 animalia
577 4378 748 4478 quasillis
770 4380 1014 4451 instruuntur.

291 4498 449 4573 Musculi
471 4497 663 4572 annulares
681 4499 934 4572 transversales
952 4501 1058 4600 positi
1078 4513 1166 4574 sunt
1186 4525 1299 4601 prope
1319 4501 1588 4574 intersectiones
1618 4524 1740 4574 annu-
1774 4513 1887 4571 Potitio.

223 4612 387 4716 lorum,
415 4620 476 4698 vel
502 4622 621 4720 potius
648 4623 744 4694 inter
771 4620 856 4714 hos,
898 4623 948 4694 ita
978 4635 1022 4696 ut
1052 4646 1159 4696 omne
1185 4623 1343 4719 spatium
1372 4620 1469 4720 qnod
1489 4645 1550 4696 eos
1576 4634 1739 4722 separat,
