4244 5850
885 522 1037 624 (121)

222 689 451 767 existentiam
471 688 605 767 berum
628 689 996 766 extumescentiarutn
1016 688 1079 764 sed
1098 715 1225 767 esrum
1244 689 1510 771 distinctionem
1529 723 1549 773 o
1571 700 1723 803 gangliis

222 836 305 915 quoe
337 837 427 888 cum
463 810 521 887 bis
545 811 806 889 confuderunt.
865 809 1129 887 Celeberrimus
1163 813 1290 888 Home
1320 813 1392 889 illis
1431 825 1725 899 extumescentiis

191 996 195 1003 .
222 931 368 1007 eosdem
390 930 550 1007 tribuere
573 933 717 1009 videtur
744 934 950 1008 functiones
972 960 1013 1007 ac
1036 934 1242 1009 functiones
1268 936 1424 1031 cerebri,
1448 953 1486 1014 et
1508 940 1619 1018 babet
1641 958 1724 1020 tan-

221 1051 410 1129 tummodo
427 1055 612 1129 funiculos
632 1055 862 1156 oesophogeos
880 1070 1053 1155 tanquam
1069 1057 1219 1152 ductus,
1241 1058 1303 1132 illo
1325 1058 1399 1134 duo
1420 1087 1551 1162 organa
1563 1062 1724 1166 jungen-

220 1190 288 1253 tes.
326 1175 532 1251 Arbitratur
557 1176 637 1250 illos
658 1177 843 1251 funiculos
868 1205 942 1251 non
970 1204 1044 1253 esse
1074 1205 1203 1254 nervos
1227 1183 1372 1282 proprie
1402 1184 1453 1257 sic
1478 1186 1610 1280 dictos,
1638 1190 1723 1288 quio

221 1326 308 1377 mox
329 1298 603 1400 deprimuntur,
632 1325 748 1400 quum
772 1300 863 1374 nudi
888 1316 1145 1400 exponuntur,
1171 1303 1338 1405 ipsosque
1363 1331 1473 1378 crura
1493 1309 1635 1381 cerebri
1656 1335 1725 1385 no-

220 1424 350 1499 minet.
380 1420 451 1494 Sed
473 1419 740 1497 observavimus
768 1423 932 1522 quaedsm
961 1423 1039 1517 filo,
1070 1449 1152 1524 quae
1175 1425 1414 1500 nascebantur
1436 1452 1481 1500 ex
1504 1427 1631 1505 iisdem
1653 1430 1746 1505 illis·

222 1544 417 1643 funiculis,
437 1559 475 1619 et
493 1545 530 1616 in
547 1544 616 1617 hoc
639 1569 722 1619 casn
740 1544 779 1617 hi
796 1558 967 1645 tauquam
987 1548 1091 1622 nervi
1109 1560 1252 1646 possent
1268 1545 1405 1621 haberi.
1431 1548 1602 1624 Ceterum
1619 1551 1722 1627 nullo

144 1734 150 1746 .
219 1670 472 1772 experimento
498 1668 633 1741 directo
660 1666 732 1741 illae
758 1664 1020 1742 observationes
1051 1669 1284 1761 innituntur,
1314 1680 1353 1740 et
1381 1667 1456 1742 huc
1486 1696 1602 1770 usque
1628 1670 1722 1746 nihil

215 1792 313 1869 certi
341 1790 516 1865 babemus
539 1789 585 1864 de
609 1788 859 1863 functionibus
879 1789 1009 1862 harum
1038 1788 1261 1864 diversarum
1283 1791 1456 1892 partium.

757 2071 918 2146 CAPUT
957 2068 1191 2144 TERTIUM.»

594 2275 859 2357 nn‘ssnsrnus
900 2309 948 2354 sn
983 2308 1119 2355 nonum
1156 2304 1345 2357 oncense.

273 2525 454 2629 Ignoratis
476 2525 514 2596 in
535 2548 606 2623 qun
628 2547 833 2614 versemur,
863 2521 957 2594 circa
981 2523 1197 2596 sensationes
1219 2536 1257 2596 ct
1278 2523 1488 2597 affectiones
1511 2550 1599 2624 quas
1619 2551 1722 2626 quoe-
1739 2541 1947 2599 ueneratione.

219 2650 303 2726 dnm
320 2646 486 2722 enimolin
508 2644 751 2720 invertebrntn
772 2643 946 2737 subeunt,
970 2657 1008 2717 et
1028 2645 1230 2719 mediorum
1252 2646 1391 2745 inopis,
1409 2645 1542 2746 quibus
1558 2647 1604 2722 de
1625 2662 1723 2724 stetu

203 2778 439 2873 ²0rgenorum
460 2768 518 2840 his
538 2764 830 2867 perceptionibus
853 2766 973 2840 locum
998 2765 1258 2866 praebentium,
1287 2768 1384 2841 certi
1404 2768 1542 2841 ratione
1560 2767 1722 2868 judicare
1768 2808 1772 2815 ·

216 2918 421 2996 possemus,
448 2891 655 2991 impediunt
676 2890 871 2990 quominus
887 2888 1024 2989 aliquid
1042 2892 1132 2962 certi
1153 2886 1385 2962 stabiliemus.
1412 2889 1542 2962 Nonne
1559 2890 1721 2965 celeber-

217 3016 335 3091 rimus
366 3013 661 3087 Anatomicorum
690 3012 861 3109 Princeps
889 3010 1084 3082 arbitretur
1111 3008 1278 3080 animulis
1308 3008 1473 3082 classium
1503 3010 1720 3084 inferiorum

217 3137 371 3239 proedito
395 3161 471 3210 esse
489 3160 591 3236 posse
613 3133 772 3208 sensibus
795 3158 950 3231 quorum
969 3132 1068 3202 notio
1089 3128 1191 3201 nulla
1213 3128 1314 3200 nobis
1335 3128 1459 3202 venitl
1486 3131 1533 3200 Et
1552 3130 1719 3228 quidem,

217 3283 352 3333 nonne·
365 3256 423 3329 iila
447 3281 596 3329 nervoso
617 3281 698 3355 quae
717 3253 817 3327 nobis
842 3252 1008 3327 exhibuit
1022 3249 1257 3342 Lumbricus,
1275 3261 1418 3349 possent
1439 3272 1514 3323 esse
1531 3247 1721 3352 cujusdam
1760 3336 1764 3343 ¹

204 3379 414 3481 ‘peculiaris
429 3403 556 3451 sensus
580 3376 742 3476 organa?

222 3522 231 3537 ’
267 3524 311 3596 In
333 3545 466 3623 genere
489 3519 730 3617 intelligitur,
747 3543 820 3617 quo
842 3517 1037 3615 simplicior
1052 3516 1172 3593 evadit
1194 3515 1407 3589 animalium
1423 3518 1658 3616 organisatio,
1676 3543 1720 3593 eo

215 3645 350 3719 minori
373 3642 474 3742 copii
497 3643 650 3714 existere
672 3665 815 3733 sensus3
841 3638 973 3729 exinde
995 3640 1177 3737 sequitur,
1205 3635 1321 3736 quod,
1340 3662 1413 3736 quo
1435 3636 1548 3739 major
1570 3652 1625 3712 est
1644 3667 1720 3715 nu-

216 3790 342 3840 merus
363 3788 554 3855 sensuum,
583 3786 626 3832 co
650 3763 762 3859 magis
779 3761 946 3832 animalia
967 3760 1012 3834 nd
1034 3760 1226 3832 Hominem
1244 3759 1427 3831 accedant.
1451 3759 1589 3836 Idcirco
1610 3766 1718 3863 pauci

214 3882 468 3960 tantummodo
476 3884 514 3954 in
524 3882 726 3954 Lumbricis
735 3907 859 3953 sensns
872 3881 1009 3956 evoluti
1021 3881 1267 3979 reperiuntur.
1279 3878 1411 3953 Tactus
1422 3879 1518 3952 solus
1528 3895 1599 3975 est,
1613 3881 1717 3983 cujus
1734 3888 1871 3946 Numerus
1886 3912 1945 3949 sen-

215 4005 409 4081 existcntia
420 4005 458 4077 in
476 4001 628 4076 dubium
642 4028 715 4074 non
732 4017 894 4078 vocatur.
913 4004 1050 4076 Gustus
1063 4015 1099 4075 et
1111 4002 1278 4074 odoratus
1295 4003 1483 4075 existentia
1499 4031 1573 4076 non
1590 4004 1716 4080 eidem
1786 3978 1876 4016 suum.

213 4124 378 4231 gaudent
397 4123 627 4199 certitudine.
654 4124 829 4197 Defectus
849 4123 1057 4217 oculorum,
1083 4136 1303 4223 punctorum
1325 4124 1527 4198 ocularium
1551 4139 1588 4198 et
1614 4129 1717 4203 nervi

213 4249 346 4349 cptici,
363 4245 409 4320 de
425 4247 583 4319 coecitate
594 4245 781 4319 Lumbrici
798 4245 964 4319 dubitare
983 4272 1056 4319 non
1068 4247 1165 4317 sinit.
1185 4244 1285 4318 Idem
1302 4240 1496 4320 dicendum
1513 4244 1559 4319 de
1573 4247 1714 4321 auditu.

214 4366 294 4442 (iel.
319 4354 519 4466 Monte'gre
547 4370 585 4437 in
607 4367 941 4467 investigationibus
962 4370 1035 4442 suis
1061 4368 1106 4441 de
1128 4366 1331 4440 Lumbricis
1352 4392 1492 4466 semper
1516 4365 1717 4445 observavit

212 4482 352 4575 lumen
364 4503 401 4563 et
423 4487 571 4589 quidem
595 4493 787 4588 strepitum
808 4492 891 4563 satis
911 4491 1164 4564 vehementem
1185 4492 1224 4563 in
1245 4489 1323 4562 illos
1346 4489 1485 4562 nullsm
1509 4491 1582 4565 viru
1608 4514 1716 4562 exer-

214 4612 314 4686 cere.
335 4610 424 4707 Sed,
448 4636 564 4710 quum
587 4635 711 4685 sensus
732 4638 807 4686 non
831 4612 1025 4687 deteriores
1048 4614 1137 4687 fiant
1157 4630 1226 4686 nec
1250 4611 1498 4709 destruantur,
1520 4611 1590 4684 nisi
1605 4610 1714 4685 simul
