4244 5850
850 505 1005 633 (269)

175 676 445 743 animadvertitur
470 677 603 764 sanguis
629 675 736 743 adhuc
766 673 931 763 liquidus,
955 671 1155 743 hunaldum
1186 675 1482 743 minutissimarum
1505 676 1674 744 infinitum

175 806 350 875 numerum
369 795 571 872 monstrans,
594 787 675 851 dum
695 794 845 851 econtra
862 784 899 851 in
922 782 1131 867 peripheria,
1156 786 1250 853 nulla
1263 784 1392 850 bullula
1409 786 1515 853 adest:
1536 784 1616 852 hic
1604 807 1673 875 Jam

174 897 348 962 exsiccabrs
372 905 421 962 est
442 897 574 983 sangnis
597 904 630 960 et
653 895 745 961 fibrae
769 895 932 959 radiantes
951 895 1098 959 formatae
1126 904 1212 960 srrnt.

706 1069 708 1073 ,
829 1004 955 1094 unra
985 1025 1015 1070 ι.

218 1118 338 1184 Eadem
355 1118 484 1205 guttula
506 1116 621 1182 iisdem
641 1116 808 1182 diametris
831 1116 1043 1199 microscopio
1067 1125 1176 1200 aucta,
1199 1126 1248 1183 ast
1272 1127 1344 1203 post
1369 1128 1494 1188 certum
1518 1100 1674 1204 temporis

174 1229 317 1314 spatium
334 1237 520 1313 conspecta,
542 1229 588 1292 ita
606 1237 644 1292 ut
658 1228 767 1292 minor
781 1226 836 1293 hic
854 1237 902 1291 est
922 1226 1087 1312 quantitas
1104 1228 1431 1314 sanguinisliquidi‚
1448 1231 1551 1317 maj0r
1565 1240 1674 1296 autem

176 1341 342 1423 mamad,
361 1361 427 1426 quo
443 1341 543 1404 etiam
561 1339 671 1403 minor
684 1347 732 1402 est
748 1358 903 1402 numerus
920 1336 1122 1404 bullularum
1140 1337 1176 1403 in
1199 1340 1259 1403 hac
1278 1340 1380 1425 figura
1394 1343 1554 1424 maj0rum
1570 1339 1582 1427 (
1596 1341 1674 1426 quin

176 1451 212 1514 in
243 1472 349 1515 unum
373 1451 527 1535 plurimae
557 1452 740 1535 conjunctae
762 1445 934 1557 fuerunt),
963 1457 996 1512 et
1021 1450 1125 1535 major
1149 1470 1304 1514 numerus
1323 1451 1479 1514 fibrarum
1498 1472 1672 1536 earumque

174 1562 279 1648 maior
301 1560 483 1647 longitudo

825 1642 955 1736 Fr'pura
995 1646 1034 1712 5.

220 1759 476 1844 Magnitudinem
497 1760 682 1824 naturalem
702 1760 839 1845 guttulae
860 1759 1072 1840 praecedentis
1090 1779 1154 1842 cpe
1169 1760 1273 1824 crucis
1293 1730 1474 1843 expressam
1491 1760 1629 1823 exhibet

828 1865 954 1956 Fiqura
986 1865 1021 1932 4.

218 1978 372 2045 Plurimae
395 1978 486 2043 fibrae
510 1979 684 2062 separatim
707 1987 903 2061 conspectae,
926 1998 986 2062 ope
1011 1978 1090 2044 vitri
1108 1979 1313 2063 microscopii
1337 1990 1448 2046 auctae.

819 2086 946 2176 Fiqura
984 2088 1018 2153 5.

218 2195 289 2263 Una
308 2218 349 2263 ex
367 2198 437 2263 illis
460 2199 554 2263 fibris
566 2198 730 2283 ramosis,
748 2216 788 2263 ιι
815 2198 982 2263 diametris
1006 2219 1067 2281 ope
1086 2198 1293 2283 microscopii
1314 2210 1426 2265 anctae.

824 2307 950 2397 Fiqura
982 2309 1012 2374 6.

217 2416 314 2482 Rami
333 2421 404 2506 ejus
424 2419 617 2504 principalia
635 2441 711 2504 pars
728 2440 802 2507 quoe
821 2421 913 2485 fibris
931 2422 1120 2489 minoribus
1134 2426 1286 2509 componi
1307 2425 1447 2489 videtur.

831 2531 957 2621 Fiquro
985 2558 1017 2621 7.

216 2643 356 2708 Bullulae
375 2643 527 2727 plurimae
547 2664 695 2709 seorsum
715 2655 904 2728 conspectae.
1008 2647 1013 2655 '

828 2753 954 2844 liparo
986 2754 1017 2821 8.

216 2862 352 2930 Guttula
370 2864 540 2952 sanguinis
554 2867 676 2952 major,
699 2864 858 2931 exsiccata
874 2867 909 2929 in
929 2868 1029 2949 plano
1047 2866 1145 2950 vitri,
1162 2867 1382 2953 irregulariter
1397 2866 1482 2950 fissa,
1505 2865 1583 2952 quie
1598 2875 1672 2930 tur·
1761 2868 1764 2873 ’

95 3006 97 3009 -
175 2975 248 3040 bate
263 2974 329 3040 fuit
349 2976 529 3041 exsiccatio.

820 3061 948 3151 Fr'qura
980 3085 1011 3150 9.

215 3173 351 3239 Guttula
379 3174 491 3239 minor
512 3175 657 3261 ejusdem
678 3177 863 3262 sanguinis,
886 3178 977 3241 lento
1002 3177 1160 3243 exsiccata
1187 3178 1224 3242 in
1249 3181 1348 3262 plano
1379 3179 1501 3260 vitreo,
1531 3179 1671 3243 formam

171 3285 308 3351 omnino
317 3287 503 3372 regularem
515 3297 684 3353 monstrat.
703 3290 743 3354 In
757 3298 870 3355 centro
886 3289 976 3353 adest
990 3309 1130 3353 vacuum
1147 3310 1205 3355 seu
1223 3290 1384 3372 toramen,
1400 3298 1433 3353 et
1446 3289 1570 3352 circum
1587 3287 1671 3352 illud

169 3397 474 3461 animadvertuncn
488 3396 580 3462 ffluoe
596 3399 776 3483 continuae,
791 3410 824 3465 et
834 3401 869 3465 in
888 3401 1101 3485 periphoeril‚
1116 3401 1207 3467 fibrae
1217 3401 1330 3486 spatiis
1347 3402 1456 3466 vacuis
1465 3401 1669 3484 interrupta.

172 3505 269 3594 Leges
293 3508 438 3592 physicae
465 3529 538 3594 quae
567 3510 756 3575 formationi
780 3513 895 3577 formae
925 3513 1019 3577 istius
1052 3514 1210 3599 regularis
1243 3521 1276 3578 et
1302 3513 1477 3599 singularis
1502 3520 1670 3596 praesunt,

171 3625 249 3682 mut
272 3618 448 3701 plurime,
478 3618 565 3682 inter
587 3639 668 3704 quas
688 3621 852 3705 praecipue
874 3623 1153 3705 evaporationem,
1178 3623 1404 3689 attractionem
1423 3622 1613 3706 capillarem
1634 3629 1670 3684 et

170 3728 314 3816 speeiem
337 3728 612 3795 subitationis
630 3733 849 3797 numerandas
866 3733 979 3797 habeo.

793 3883 881 3949 TAB.
927 3886 1038 3954 XXVL

553 4013 670 4104 (TAB.
707 4017 1279 4107 xxn-bis-TAB.xxV1.)
1522 4106 1527 4113 ,

445 4168 604 4216 suarm
627 4169 841 4218 vesconarrn
873 4153 1152 4219 ERPOBDELLAE
1173 4153 1389 4220 VULGARIS

72 4432 80 4447 ι
212 4388 354 4459 unibat
368 4391 486 4457 irciem
499 4395 681 4460 venustem
704 4285 949 4465 errbggffir
976 4310 1158 4466 bonorare
1173 4397 1266 4486 qut
1255 4419 1292 4462 ιιι
1305 4407 1514 4481 compactum
1529 4352 1682 4463 reu‘nrnt

167 4504 350 4590 materiatis
373 4505 547 4571 vascolaria
572 4509 737 4593 precipua
757 4530 841 4576 rasa.
866 4511 908 4577 In
931 4512 1043 4581 morbo
1067 4530 1185 4594 nempe
1208 4508 1480 4574 animadvertitur
1504 4528 1560 4572 vas
1580 4527 1667 4571 ren-

166 4616 1665 4778 mmmmmmemcagaagranmatm,manamaapaas
