4244 5850
1091 521 1303 621 (202l

436 691 514 792 ejus
535 690 795 791 longitudinem
813 670 1050 761 occurrebant
1074 686 1238 785 quaedam
1258 689 1411 764 maculas
1435 694 1565 767 virides
1586 697 1700 772 veluti
1720 714 1922 777 constantes

436 809 630 884 substantia
656 809 805 884 'viridi
795 836 834 882 in
857 835 965 908 quam
997 808 1034 880 hi
1065 807 1157 904 pulli
1185 805 1369 879 Lumbrici
1397 812 1640 887 versabantur.
1678 818 1742 890 Hae
1770 821 1923 895 maculae

436 954 551 1028 usque
577 929 621 1001 ad
648 955 758 1004 anum
785 929 1094 1018 extendebantur,
1126 926 1272 1024 quidam
1299 927 1431 1002 ductus
1453 934 1652 1007 vasculares
1677 962 1789 1035 prope
1811 955 1922 1054 caput

331 1061 335 1072 “
435 1049 719 1148 reperiebantur.
753 1051 1045 1123 Numerabantur
1066 1047 1104 1119 hi
1126 1046 1343 1120 Lumbrici
1331 1051 1489 1150 juniores
1511 1052 1648 1174 decem.
1675 1056 1812 1130 Eorum
1834 1083 1922 1136 ero-

433 1169 611 1243 lutiouem
634 1184 845 1269 persecutus
863 1196 961 1259 sum,
984 1170 1040 1240 uti
1060 1192 1140 1237 mon
1166 1166 1378 1241 videbimus.

483 1287 614 1361 Multas
637 1286 769 1360 similes
790 1288 1049 1361 observationes
1071 1287 1301 1375 instituebam
1324 1291 1507 1366 mensibus
1526 1294 1611 1365 Maii
1629 1308 1666 1367 et
1683 1295 1785 1369 Juuii
1810 1299 1920 1374 1826.

434 1408 583 1507 Semper
623 1410 697 1484 vidi
734 1409 941 1481 Lumbricos
979 1408 1095 1481 nudos
1129 1412 1227 1484 vivos
1262 1425 1447 1484 nascentes
1482 1427 1520 1484 et
1552 1438 1616 1511 per
1655 1441 1765 1487 anum
1799 1420 1923 1490 matris

434 1529 676 1626 egredientes,
701 1531 739 1600 in
761 1529 829 1600 hoc
848 1542 959 1618 statu,
982 1553 1041 1601 eos
1063 1553 1139 1600 esse
1153 1529 1346 1627 perfectos,
1366 1529 1403 1603 id
1423 1546 1493 1622 est,
1516 1534 1707 1607 instructos
1729 1535 1862 1610 clitello
1883 1553 1921 1612 et

433 1649 586 1748 pedibus
603 1650 796 1723 admodum
819 1650 1018 1748 conspicuis
1039 1652 1177 1749 opinor.
1200 1649 1414 1723 Lumbricus
1430 1676 1537 1749 quem
1557 1655 1594 1723 in
1611 1655 1686 1751 ipso
1704 1663 1818 1728 coitus
1834 1671 1921 1729 actu

432 1794 653 1866 sumpseram
676 1770 702 1843 6
724 1769 824 1860 Maii,
851 1770 1045 1867 progenuit
1066 1768 1183 1868 pullos
1206 1770 1280 1841 dies
1307 1772 1355 1845 19
1377 1784 1415 1843 et
1441 1776 1490 1842 20
1512 1771 1672 1873 ejusdem
1695 1779 1848 1868 mensis,
1874 1802 1920 1850 ex

432 1890 505 1988 quo
525 1902 623 1989 patet
643 1891 874 1989 gestationem
899 1891 1041 1962 circiter
1064 1889 1112 1980 14
1133 1889 1207 1961 dies
1225 1889 1373 1980 durare,
1394 1903 1432 1962 et
1450 1889 1519 1993 hoc
1537 1904 1635 1964 recte
1651 1898 1818 1992 congruit
1835 1920 1919 1968 cum

431 2007 676 2083 observatione
698 2037 717 2082 a
735 2008 788 2081 Cl.
812 2009 914 2081 Bosa
935 2008 1041 2080 lacta.
1064 2007 1145 2079 Non
1166 2006 1419 2083 affirmabimus
1433 2010 1642 2083 Lumbricos
1662 2014 1829 2087 universe
1846 2040 1922 2090 uno

432 2127 632 2226 eodemque
664 2128 771 2201 modo
801 2129 1040 2228 progignere,
1073 2130 1236 2226 quamvis
1269 2142 1405 2202 nostras
1437 2129 1698 2204 observationes
1728 2132 1921 2232 plusquam

433 2252 552 2323 tricies
575 2251 801 2343 iteravimus3
824 2251 885 2339 sed
909 2250 998 2322 mihi
1025 2248 1168 2324 videtur
1189 2249 1371 2326 observata
1401 2248 1585 2322 clarissimi
1611 2249 1766 2347 Dufour
1785 2254 1921 2352 optime

433 2394 517 2442 curn
528 2384 645 2443 nostra
663 2372 846 2471 opinione,
866 2370 990 2445 saltem
1006 2372 1154 2470 partim,
1173 2397 1273 2470 posse
1285 2371 1478 2445 conciliari.
1495 2370 1624 2444 Nonne
1635 2376 1821 2471 putamina
1838 2399 1922 2474 qute

432 2490 477 2563 ab
496 2490 559 2563 illo
581 2505 727 2565 auctore
745 2492 896 2564 fuerunt
912 2490 1093 2565 observata
1112 2505 1229 2564 essent
1246 2516 1392 2589 corpora
1410 2489 1553 2562 letifera
1574 2515 1619 2562 ex
1634 2516 1783 2590 corpore
1802 2494 1922 2567 Lum-

431 2607 613 2683 bricorum
636 2611 740 2684 causi
766 2611 996 2709 quicumque
1018 2609 1194 2707 expulsa?
1223 2610 1351 2683 Nonne
1371 2608 1449 2681 haec
1470 2635 1617 2709 corpora
1639 2636 1704 2709 pro
1726 2624 1827 2710 parte
1853 2637 1922 2686 ex-

431 2729 539 2800 sicata
563 2743 697 2818 essent,
721 2742 758 2801 et
777 2754 897 2801 nonne
920 2754 1030 2803 ovum
1049 2730 1222 2826 potuisset
1246 2728 1363 2804 evolvi
1390 2742 1427 2801 et
1452 2727 1554 2826 pullo
1580 2728 1772 2802 Lumbrico
1798 2742 1920 2804 ortum

430 2846 616 2946 praeberel
642 2846 737 2921 lllud
761 2847 935 2923 affirmare
962 2874 1037 2922 non
1062 2848 1199 2940 eude03
1235 2848 1296 2921 sed
1324 2847 1584 2922 observandum
1614 2863 1668 2920 est
1688 2847 1919 2923 altitudinem

433 2964 455 3040 5
473 2979 537 3040 aut
561 2966 587 3041 6
606 2966 739 3067 pedum
763 2965 827 3040 ubi
848 2980 968 3042 noster
988 2982 1113 3041 auctor
1132 2971 1273 3043 invenit
1294 2969 1372 3043 hec
1391 2969 1578 3069 putamina
1597 2971 1634 3041 in
1655 2971 1765 3059 terra,
1789 2982 1919 3045 nostrae

403 3094 408 3102 ”
431 3088 637 3196 bppothesi
642 3090 788 3163 omnino
808 3089 945 3164 favere:
971 3087 1156 3163 Lumbrici
1175 3104 1317 3189 partum
1336 3088 1481 3161 edunt
1471 3114 1510 3159 rn
1533 3101 1625 3160 terra
1653 3102 1689 3160 et
1712 3091 1749 3159 in
1768 3088 1921 3161 forami-

430 3206 537 3281 nibus
553 3186 670 3308 pullos
680 3207 885 3308 deponunt,
903 3232 986 3307 quoe
1002 3208 1177 3282 foramina
1194 3209 1240 3283 ad
1250 3209 1413 3283 eamdem
1425 3207 1651 3281 altitudinem
1668 3210 1917 3307 reperiuntur.

579 3417 621 3490 Ε.
673 3418 737 3487 De
762 3417 973 3489 evolutione
994 3418 1186 3512 pullorum
1213 3416 1496 3488 Lumbricorum
1515 3426 1609 3510 post
1630 3427 1761 3487 ortum.

480 3610 651 3747 Sequitur
673 3611 781 3683 series
800 3608 1088 3685 observationum
1105 3633 1194 3705 quas
1206 3607 1436 3681 instituebam
1455 3610 1496 3680 in
1519 3633 1635 3682 unum
1655 3632 1701 3680 ex
1717 3607 1920 3682 Lumbricis

434 3731 497 3829 qui
520 3732 595 3804 nati
621 3743 707 3803 aunt
729 3732 777 3802 28
802 3727 1033 3828 Septembris

482 3850 587 3921 Patet
611 3848 689 3921 illas
714 3847 975 3922 observationes
999 3846 1140 3946 hyemis
1166 3860 1326 3944 tempore
1355 3848 1491 3921 fuisse
1481 3849 1662 3920 institutas
1687 3859 1725 3919 et
1744 3848 1782 3918 in
1813 3845 1920 3920 cubi-

432 3966 515 4039 culo
539 3991 620 4040 meo
648 3965 713 4041 ubi
732 3967 923 4065 temperies
943 3991 1016 4040 non
1037 3965 1276 4038 descendebat
1300 3967 1393 4038 infra
1418 3969 1441 4039 8
1461 3966 1593 4065 gradus
1611 3968 1651 4056 4-
1671 3969 1708 4037 0
1730 3966 1774 4037 tt
1801 3965 1919 4040 Novas

432 4082 690 4161 observationes
727 4111 808 4184 quae
839 4088 1136 4175 instituerentur,
1169 4084 1415 4159 indubitanter
1436 4085 1523 4158 alias
1550 4083 1762 4159 exhiberent
1781 4109 1920 4171 ¹conse-

432 4206 615 4304 quentias,
635 4218 674 4278 et
695 4205 852 4281 evolutio
875 4206 1024 4281 celerior
1045 4219 1110 4280 aut
1135 4205 1269 4282 tardior
1291 4207 1472 4284 evaderet.
