4200 5842
813 523 1010 624 (219)Ι

148 686 443 798 philosophorum
479 693 543 793 qui
575 691 621 767 de
643 692 915 809 regeneratione
938 689 1217 766 Lumbricorum
1238 693 1459 793 scripserunt
1483 696 1522 768 in
1552 722 1641 785 con·

145 818 298 893 trarium
323 815 449 905 abeat,
479 813 541 890 illa
566 810 735 886 animalia
759 836 832 884 non
864 809 1179 909 reproductiouem
1202 812 1455 888 inexhaustam
1481 815 1640 911 babere,

144 963 227 1012 nam
255 936 406 1011 simulac
443 934 645 1034 fragmenta
669 933 777 1005 nimis
811 932 942 1030 exigua
964 930 1142 1024 evadunt,
1179 930 1396 1007 Lumbricus
1416 949 1541 1033 pereat
1567 963 1637 1012 ne·

146 1082 244 1132 resse
264 1069 330 1130 est.
352 1055 460 1130 Unus
473 1079 519 1129 ex
536 1054 594 1127 his
609 1051 811 1128 Lumbricis
827 1054 867 1124 in
883 1077 974 1151 quos
994 1050 1258 1135 observationes
1271 1055 1497 1130 institueram
1514 1083 1638 1133 mense

145 1175 383 1278 Septembris,
408 1173 644 1266 ann01825,
675 1199 733 1247 me
756 1175 946 1248 certiorem
972 1172 1128 1247 reddidit
1154 1173 1290 1271 pluries
1312 1176 1476 1249 eamdem
1498 1193 1639 1278 partem

146 1297 337 1398 reproduci
364 1321 477 1395 posse.
506 1296 681 1369 Faenius
707 1308 847 1394 partem
874 1295 1031 1393 eorporis
1057 1295 1312 1392 posteriorem,
1346 1296 1455 1397 vulgo
1487 1298 1640 1374 caudam

148 1417 299 1510 dictam,
314 1417 550 1510 abstuleram
562 1416 807 1516 regeneravit,
818 1415 941 1490 denuo
952 1414 1113 1489 seoabam
1126 1428 1164 1489 et
1177 1418 1375 1516 proprietas
1387 1405 1638 1519 reproductiva

148 1539 310 1618 nondum
321 1552 402 1612 >erat
415 1537 600 1611 exhausta.
615 1535 686 1610 Sed
697 1535 741 1609 ad
758 1536 907 1611 tertium
920 1539 1209 1634 experimentum
1225 1538 1377 1635 parvula
1392 1542 1641 1617 tantummodo

149 1663 355 1734 extremitas
375 1661 540 1733 informis
556 1659 735 1758 apparuit.
760 1658 897 1732 Rursus
918 1658 1018 1730 illam
1036 1655 1199 1731 secabam
1220 1671 1259 1731 et
1279 1659 1413 1735 vulnus
1435 1663 1545 1737 coivit
1563 1664 1641 1737 sine

147 1778 222 1854 ulta
243 1779 335 1854 novi
357 1778 575 1856 evolutione.
602 1777 819 1853 Lumbricus
842 1792 963 1854 tamen
989 1804 1063 1856 nou
1084 1780 1193 1878 periit
1212 1792 1250 1852 et
1264 1793 1410 1880 postea,
1426 1781 1640 1881 quibusdam

145 1901 352 1973 anatomicis
372 1898 705 1998 investigationibus
729 1901 906 1974 inserviit
935 1885 1192 1998 Experimento
1217 1925 1300 2000 quoe
1330 1900 1491 1976 subierat
1517 1901 1642 1979 nullo-

148 2018 307 2093 modo
275 2044 354 2119 epus
378 2020 677 2116 organisationem
697 2031 938 2094 mutaverant

197 2138 360 2212 Vulnera
382 2164 463 2236 quae
486 2136 702 2212 Lumbrici
691 2164 732 2211 ru
750 2138 818 2212 bae
841 2137 900 2215 vel
920 2136 981 2210 illa
1003 2140 1159 2238 corporis
1180 2153 1282 2239 parte
1303 2141 1510 2240 excipiunt,
1507 2082 1640 2218 brevi
1658 2162 1781 2218 votnm
1814 2160 1850 2215 ad

149 2273 311 2359 tempore
338 2271 522 2337 sanantur.
557 2256 699 2331 Pluries
722 2272 871 2331 conatus
898 2285 979 2332 sum
1004 2284 1125 2333 secare
1148 2259 1360 2334 Lumbrieos
1387 2286 1499 2361 prope
1523 2261 1643 2336 elitel·
1656 2230 1870 2380 Qoegffissiff*

149 2381 227 2456 lum
246 2397 311 2454 aut
325 2379 491 2480 papillas,
513 2376 705 2453 arbitratus
729 2404 788 2453 me
810 2380 981 2479 quasdam
1005 2379 1253 2453 difformitates
1268 2405 1343 2454 esse
1359 2380 1643 2496 producturum,
1661 2367 1787 2424 venium.

149 2504 205 2577 uti
217 2500 373 2575 obtinuit
386 2499 461 2572 Cel.
479 2500 653 2572 Bonnet
643 2525 682 2571 m
705 2499 943 2573 Annelidibus
964 2526 1067 2600 aquae
1089 2499 1223 2592 dulcis‘,
1239 2499 1304 2574 sed
1322 2525 1369 2574 ex
1387 2504 1644 2602 experimentis

148 2622 219 2696 illis
240 2622 330 2695 mihi
364 2620 613 2695 tantummodo
637 2622 738 2694 venit
761 2619 940 2695 certitudo
964 2635 1098 2719 quanta
1125 2620 1309 2694 eeleritate
1330 2620 1391 2695 illa
1413 2623 1564 2697 vulnera
1598 2624 1644 2697 ad

150 2744 354 2818 cicatricem
370 2741 592 2841 redigantur.
617 2739 775 2841 Vestigia
795 2741 944 2841 quidem
965 2741 1084 2840 aliqua
1100 2742 1333 2842 relinquunt,
1355 2743 1416 2816 sed
1432 2744 1525 2817 nihil
1544 2743 1643 2819 aliud

149 2877 236 2939 sunt
261 2866 329 2937 nisi
352 2865 477 2964 exigui
497 2862 659 2936 cesticilli
686 2864 835 2936 carnosi.
866 2862 1091 2953 Quibusdam
1117 2861 1320 2936 Lumbricis
1339 2861 1470 2936 abstuli
1494 2865 1644 2964 papillas

151 2986 373 3085 generationi
406 2985 641 3058 inservientes
671 2997 709 3056 et
735 2983 900 3082 quaedam
931 2983 1156 3082 reproductae
1182 2996 1279 3056 sunt.
1316 2982 1403 3054 Aliis
1433 2983 1643 3058 auferebam

151 3119 291 3207 partem
316 3104 440 3179 clitelli
462 3117 499 3177 et
520 3105 598 3177 fere
623 3113 788 3202 semper,
808 3103 929 3202 aliquo
953 3117 1115 3204 tempore
1137 3102 1274 3202 elapso,
1297 3102 1562 3178 renascebatur.

474 3399 634 3474 CAPUT
673 3399 938 3475 SECUNDUM
978 3400 1041 3473 ET
1075 3399 1316 3474 ULTIMUM.

327 3644 368 3690 DE
404 3642 604 3691 MONSTROSA
637 3643 873 3692 beroamrure
905 3641 1109 3691 summotum
1143 3643 1243 3692 MODO
1279 3643 1469 3692 enouucrl.

200 3853 244 3925 In
275 3852 343 3925 hoc
374 3852 490 3948 capite
519 3875 698 3949 exponam
725 3849 975 3922 tantummodo
1002 3846 1167 3947 quaedam
1195 3849 1444 3947 experimenta
1469 3873 1510 3922 eo
1539 3873 1645 3946 scopo

152 3975 316 4046 instituta
340 3985 383 4045 ut
405 3971 597 4069 quamdam
619 3970 887 4044 difformitatem
905 3969 1127 4043 artificialem
1149 3968 1399 4068 producerem.
1426 3968 1491 4041 Uti
1515 3968 1590 4041 dixi
1606 3971 1644 4041 in

154 4093 270 4193 capite
292 4090 527 4190 precedenti,
553 4115 648 4189 saepe
669 4092 858 4165 incisiones
878 4090 1157 4191 longitudinales
1180 4090 1251 4162 feci
1272 4091 1311 4162 in
1327 4115 1457 4187 corpus
1473 4088 1645 4163 Lumbri-

156 4239 301 4305 corum,
332 4226 371 4286 et
390 4238 507 4311 quum
529 4198 786 4305 observassem,
816 4211 877 4284 illa
899 4210 1051 4287 vulnera
1078 4233 1219 4308 semper
1241 4211 1456 4308 progignere
1482 4209 1647 4282 cesticel-

155 4333 235 4408 lum
256 4332 338 4432 plus
359 4333 525 4407 minusve
544 4330 772 4423 distinctum,
796 4332 859 4429 qui
881 4329 993 4403 latera
1014 4329 1196 4401 incisionis
1219 4327 1422 4430 jungendo,
1440 4354 1523 4402 mox
1540 4353 1649 4428 aper-

157 4467 277 4527 turam
300 4451 511 4544 claudebat,
536 4451 827 4550 experimentum
852 4474 1005 4552 sequens
1028 4477 1047 4522 a
1073 4448 1228 4550 quodam
1258 4450 1333 4527 viro
1354 4452 1510 4524 scientiis
1532 4448 1673 4525 amico'

157 4576 382 4675 propositum
407 4570 652 4648 instituebam.
