<?xml version="1.0" encoding="UTF-8"?>
<!DOCTYPE html PUBLIC "-//W3C//DTD XHTML 1.0 Transitional//EN"
    "http://www.w3.org/TR/xhtml1/DTD/xhtml1-transitional.dtd">
<html xmlns="http://www.w3.org/1999/xhtml" xml:lang="en" lang="en">
 <head>
  <title>
</title>
<meta http-equiv="Content-Type" content="text/html;charset=utf-8" />
  <meta name='ocr-system' content='tesseract 3.04.00' />
  <meta name='ocr-capabilities' content='ocr_page ocr_carea ocr_par ocr_line ocrx_word'/>
</head>
<body>
  <div class='ocr_page' id='page_1' title='image "./delumbriciterre00morrgoog_0128.png"; bbox 0 0 4244 5850; ppageno 0'>
   <div class='ocr_carea' id='block_1_1' title="bbox 1092 516 1247 618">
    <p class='ocr_par' dir='ltr' id='par_1_1' title="bbox 1092 516 1247 618">
     <span class='ocr_line' id='line_1_1' title="bbox 1092 516 1247 618; baseline 0.013 -4"><span class='ocrx_word' id='word_1_1' title='bbox 1092 516 1247 618; x_wconf 70' lang='lat'>(1⁰4)</span> 
     </span>
    </p>
   </div>
   <div class='ocr_carea' id='block_1_2' title="bbox 202 683 1929 3069">
    <p class='ocr_par' dir='ltr' id='par_1_2' title="bbox 426 683 1928 1152">
     <span class='ocr_line' id='line_1_2' title="bbox 427 683 1928 795; baseline 0.002 -30"><span class='ocrx_word' id='word_1_2' title='bbox 427 706 554 779; x_wconf 87' lang='lat' dir='ltr'><strong>tunm,</strong></span> <span class='ocrx_word' id='word_1_3' title='bbox 578 687 729 763; x_wconf 75' lang='lat' dir='ltr'><strong>alodum</strong></span> <span class='ocrx_word' id='word_1_4' title='bbox 746 709 820 785; x_wconf 91' lang='lat' dir='ltr'><strong>qno</strong></span> <span class='ocrx_word' id='word_1_5' title='bbox 839 683 1066 775; x_wconf 81' lang='lat' dir='ltr'><strong>efficiuntnr3</strong></span> <span class='ocrx_word' id='word_1_6' title='bbox 1093 707 1163 756; x_wconf 89' lang='lat' dir='ltr'><strong>nee</strong></span> <span class='ocrx_word' id='word_1_7' title='bbox 1182 696 1305 755; x_wconf 74' lang='lat' dir='ltr'><strong>umen</strong></span> <span class='ocrx_word' id='word_1_8' title='bbox 1324 683 1462 782; x_wconf 80' lang='lat' dir='ltr'>prolixe</span> <span class='ocrx_word' id='word_1_9' title='bbox 1484 684 1679 786; x_wconf 81' lang='lat' dir='ltr'><strong>loquemur</strong></span> <span class='ocrx_word' id='word_1_10' title='bbox 1697 690 1743 765; x_wconf 90' lang='lat' dir='ltr'><strong>de</strong></span> <span class='ocrx_word' id='word_1_11' title='bbox 1759 693 1796 768; x_wconf 81' lang='lat' dir='ltr'><strong>vi</strong></span> <span class='ocrx_word' id='word_1_12' title='bbox 1817 718 1928 795; x_wconf 80' lang='lat' dir='ltr'><strong>quem</strong></span> 
     </span>
     <span class='ocr_line' id='line_1_3' title="bbox 426 803 1928 906; baseline 0.005 -21"><span class='ocrx_word' id='word_1_13' title='bbox 426 825 600 885; x_wconf 80' lang='lat' dir='ltr'><strong>exeroent</strong></span> <span class='ocrx_word' id='word_1_14' title='bbox 625 808 827 882; x_wconf 77' lang='lat' dir='ltr'><strong>Cerebrum</strong></span> <span class='ocrx_word' id='word_1_15' title='bbox 855 819 894 880; x_wconf 89' lang='lat' dir='ltr'><strong>et</strong></span> <span class='ocrx_word' id='word_1_16' title='bbox 920 805 1052 897; x_wconf 80' lang='lat' dir='ltr'><strong>Nervi,</strong></span> <span class='ocrx_word' id='word_1_17' title='bbox 1082 803 1128 878; x_wconf 90' lang='lat' dir='ltr'><strong>de</strong></span> <span class='ocrx_word' id='word_1_18' title='bbox 1154 806 1228 904; x_wconf 75' lang='lat' dir='ltr'><strong>qud</strong></span> <span class='ocrx_word' id='word_1_19' title='bbox 1252 803 1335 878; x_wconf 86' lang='lat' dir='ltr'><strong>vide</strong></span> <span class='ocrx_word' id='word_1_20' title='bbox 1363 805 1439 878; x_wconf 88' lang='lat' dir='ltr'><strong>Cel.</strong></span> <span class='ocrx_word' id='word_1_21' title='bbox 1471 809 1684 906; x_wconf 83' lang='lat' dir='ltr'><strong>Magenclie</strong></span> <span class='ocrx_word' id='word_1_22' title='bbox 1708 827 1746 885; x_wconf 87' lang='lat' dir='ltr'><strong>et</strong></span> <span class='ocrx_word' id='word_1_23' title='bbox 1773 813 1928 893; x_wconf 86' lang='lat' dir='ltr'><strong>aliorum</strong></span> 
     </span>
     <span class='ocr_line' id='line_1_4' title="bbox 429 926 1928 1033; baseline 0.004 -30"><span class='ocrx_word' id='word_1_24' title='bbox 429 958 538 1033; x_wconf 83' lang='lat' dir='ltr'><strong>oper-a</strong></span> <span class='ocrx_word' id='word_1_25' title='bbox 559 931 635 1029; x_wconf 81' lang='lat'><strong>(1),</strong></span> <span class='ocrx_word' id='word_1_26' title='bbox 673 943 713 1003; x_wconf 88' lang='lat' dir='ltr'><strong>et</strong></span> <span class='ocrx_word' id='word_1_27' title='bbox 737 927 829 1001; x_wconf 69' lang='lat' dir='ltr'><strong>cett.</strong></span> <span class='ocrx_word' id='word_1_28' title='bbox 856 927 1022 1000; x_wconf 77' lang='lat' dir='ltr'><strong>Pravost</strong></span> <span class='ocrx_word' id='word_1_29' title='bbox 1042 939 1081 1000; x_wconf 87' lang='lat' dir='ltr'><strong>et</strong></span> <span class='ocrx_word' id='word_1_30' title='bbox 1106 927 1261 998; x_wconf 81' lang='lat' dir='ltr'><strong>Domus</strong></span> <span class='ocrx_word' id='word_1_31' title='bbox 1289 926 1563 1000; x_wconf 86' lang='lat' dir='ltr'><strong>Dissertationes</strong></span> <span class='ocrx_word' id='word_1_32' title='bbox 1597 929 1643 1003; x_wconf 89' lang='lat' dir='ltr'><strong>de</strong></span> <span class='ocrx_word' id='word_1_33' title='bbox 1674 931 1928 1017; x_wconf 82' lang='lat' dir='ltr'><strong>Phaenomenis</strong></span> 
     </span>
     <span class='ocr_line' id='line_1_5' title="bbox 427 1047 1805 1152; baseline -0.004 -26"><span class='ocrx_word' id='word_1_34' title='bbox 427 1078 514 1152; x_wconf 78' lang='lat' dir='ltr'><strong>qnoe</strong></span> <span class='ocrx_word' id='word_1_35' title='bbox 530 1052 821 1124; x_wconf 82' lang='lat' dir='ltr'><strong>concomitantnr</strong></span> <span class='ocrx_word' id='word_1_36' title='bbox 836 1049 1118 1122; x_wconf 76' lang='lat' dir='ltr'><strong>mnuacuonem</strong></span> <span class='ocrx_word' id='word_1_37' title='bbox 1138 1047 1236 1120; x_wconf 83' lang='lat' dir='ltr'><strong>fibrae</strong></span> <span class='ocrx_word' id='word_1_38' title='bbox 1262 1047 1497 1138; x_wconf 84' lang='lat' dir='ltr'><strong>muscularis,</strong></span> <span class='ocrx_word' id='word_1_39' title='bbox 1517 1062 1588 1122; x_wconf 79' lang='lat' dir='ltr'><strong>ete.</strong></span> <span class='ocrx_word' id='word_1_40' title='bbox 1611 1049 1677 1147; x_wconf 78' lang='lat'><strong>(2).</strong></span> <span class='ocrx_word' id='word_1_41' title='bbox 1802 1066 1805 1071; x_wconf 84' lang='grc'><strong>’</strong></span> 
     </span>
    </p>

    <p class='ocr_par' dir='ltr' id='par_1_3' title="bbox 202 1167 1929 2331">
     <span class='ocr_line' id='line_1_6' title="bbox 202 1167 1929 1271; baseline 0.001 -26"><span class='ocrx_word' id='word_1_42' title='bbox 202 1200 408 1271; x_wconf 54' lang='lat' dir='ltr'><strong>[mam.</strong></span> <span class='ocrx_word' id='word_1_43' title='bbox 481 1173 630 1247; x_wconf 81' lang='lat' dir='ltr'><strong>Gunstat</strong></span> <span class='ocrx_word' id='word_1_44' title='bbox 643 1171 933 1271; x_wconf 79' lang='lat' dir='ltr'><strong>experimentisa</strong></span> <span class='ocrx_word' id='word_1_45' title='bbox 951 1167 1006 1241; x_wconf 88' lang='lat' dir='ltr'><strong>Cl.</strong></span> <span class='ocrx_word' id='word_1_46' title='bbox 1025 1170 1188 1242; x_wconf 76' lang='lat' dir='ltr'><strong>Provost</strong></span> <span class='ocrx_word' id='word_1_47' title='bbox 1203 1182 1240 1241; x_wconf 89' lang='lat' dir='ltr'><strong>et</strong></span> <span class='ocrx_word' id='word_1_48' title='bbox 1255 1169 1408 1239; x_wconf 82' lang='lat' dir='ltr'><strong>Domus</strong></span> <span class='ocrx_word' id='word_1_49' title='bbox 1428 1170 1620 1262; x_wconf 86' lang='lat' dir='ltr'><strong>institutis,</strong></span> <span class='ocrx_word' id='word_1_50' title='bbox 1637 1169 1763 1245; x_wconf 87' lang='lat' dir='ltr'><strong>fibram</strong></span> <span class='ocrx_word' id='word_1_51' title='bbox 1779 1199 1929 1254; x_wconf 85' lang='lat' dir='ltr'><strong>museu-</strong></span> 
     </span>
     <span class='ocr_line' id='line_1_7' title="bbox 430 1288 1925 1393; baseline 0.001 -22"><span class='ocrx_word' id='word_1_52' title='bbox 430 1296 543 1371; x_wconf 82' lang='lat' dir='ltr'><strong>larem</strong></span> <span class='ocrx_word' id='word_1_53' title='bbox 561 1297 600 1367; x_wconf 89' lang='lat' dir='ltr'><strong>in</strong></span> <span class='ocrx_word' id='word_1_54' title='bbox 615 1294 859 1366; x_wconf 87' lang='lat' dir='ltr'><strong>contractione</strong></span> <span class='ocrx_word' id='word_1_55' title='bbox 875 1316 948 1363; x_wconf 90' lang='lat' dir='ltr'><strong>non</strong></span> <span class='ocrx_word' id='word_1_56' title='bbox 965 1293 1160 1382; x_wconf 83' lang='lat' dir='ltr'><strong>minorem,</strong></span> <span class='ocrx_word' id='word_1_57' title='bbox 1177 1289 1298 1391; x_wconf 90' lang='lat' dir='ltr'><strong>quoad</strong></span> <span class='ocrx_word' id='word_1_58' title='bbox 1312 1288 1577 1387; x_wconf 71' lang='lat' dir='ltr'><strong>longitudinem</strong></span> <span class='ocrx_word' id='word_1_59' title='bbox 1596 1314 1738 1384; x_wconf 79' lang='lat' dir='ltr'><strong>veram,</strong></span> <span class='ocrx_word' id='word_1_60' title='bbox 1752 1295 1925 1393; x_wconf 82' lang='lat' dir='ltr'><strong>evadere,</strong></span> 
     </span>
     <span class='ocr_line' id='line_1_8' title="bbox 429 1408 1929 1518; baseline -0.003 -28"><span class='ocrx_word' id='word_1_61' title='bbox 429 1417 494 1490; x_wconf 87' lang='lat' dir='ltr'><strong>sed</strong></span> <span class='ocrx_word' id='word_1_62' title='bbox 511 1416 601 1489; x_wconf 91' lang='lat' dir='ltr'><strong>duas</strong></span> <span class='ocrx_word' id='word_1_63' title='bbox 619 1413 698 1515; x_wconf 86' lang='lat' dir='ltr'><strong>ejus</strong></span> <span class='ocrx_word' id='word_1_64' title='bbox 720 1414 964 1487; x_wconf 77' lang='lat' dir='ltr'><strong>extremitates</strong></span> <span class='ocrx_word' id='word_1_65' title='bbox 985 1413 1134 1511; x_wconf 90' lang='lat' dir='ltr'><strong>propius</strong></span> <span class='ocrx_word' id='word_1_66' title='bbox 1150 1414 1246 1483; x_wconf 88' lang='lat' dir='ltr'><strong>inter</strong></span> <span class='ocrx_word' id='word_1_67' title='bbox 1266 1434 1304 1482; x_wconf 90' lang='lat' dir='ltr'><strong>se</strong></span> <span class='ocrx_word' id='word_1_68' title='bbox 1326 1408 1527 1501; x_wconf 86' lang='lat' dir='ltr'><strong>admoveri,</strong></span> <span class='ocrx_word' id='word_1_69' title='bbox 1546 1409 1703 1484; x_wconf 83' lang='lat' dir='ltr'><strong>flexione</strong></span> <span class='ocrx_word' id='word_1_70' title='bbox 1724 1415 1764 1486; x_wconf 91' lang='lat' dir='ltr'><strong>in</strong></span> <span class='ocrx_word' id='word_1_71' title='bbox 1784 1418 1929 1518; x_wconf 77' lang='lat' dir='ltr'><strong>zigzag</strong></span> 
     </span>
     <span class='ocr_line' id='line_1_9' title="bbox 429 1527 1927 1633; baseline 0 -23"><span class='ocrx_word' id='word_1_72' title='bbox 429 1539 495 1633; x_wconf 88' lang='lat' dir='ltr'><strong>(ut</strong></span> <span class='ocrx_word' id='word_1_73' title='bbox 516 1534 670 1632; x_wconf 88' lang='lat' dir='ltr'><strong>dieitur)</strong></span> <span class='ocrx_word' id='word_1_74' title='bbox 691 1535 766 1607; x_wconf 80' lang='lat' dir='ltr'><strong>sive</strong></span> <span class='ocrx_word' id='word_1_75' title='bbox 789 1535 828 1605; x_wconf 91' lang='lat' dir='ltr'><strong>in</strong></span> <span class='ocrx_word' id='word_1_76' title='bbox 848 1531 1104 1608; x_wconf 89' lang='lat' dir='ltr'><strong>undulationes</strong></span> <span class='ocrx_word' id='word_1_77' title='bbox 1125 1530 1325 1631; x_wconf 88' lang='lat' dir='ltr'><strong>angulosas.</strong></span> <span class='ocrx_word' id='word_1_78' title='bbox 1348 1529 1434 1601; x_wconf 84' lang='lat' dir='ltr'><strong>Hoec</strong></span> <span class='ocrx_word' id='word_1_79' title='bbox 1458 1527 1565 1601; x_wconf 78' lang='lat' dir='ltr'><strong>flexio</strong></span> <span class='ocrx_word' id='word_1_80' title='bbox 1587 1532 1703 1605; x_wconf 89' lang='lat' dir='ltr'><strong>oritur</strong></span> <span class='ocrx_word' id='word_1_81' title='bbox 1725 1538 1927 1615; x_wconf 83' lang='lat' dir='ltr'><strong>exactione</strong></span> 
     </span>
     <span class='ocr_line' id='line_1_10' title="bbox 430 1638 1926 1759; baseline 0.003 -29"><span class='ocrx_word' id='word_1_82' title='bbox 430 1656 569 1730; x_wconf 75' lang='lat' dir='ltr'><strong>stimuli</strong></span> <span class='ocrx_word' id='word_1_83' title='bbox 588 1654 854 1759; x_wconf 83' lang='lat' dir='ltr'><strong>cujuscumque</strong></span> <span class='ocrx_word' id='word_1_84' title='bbox 874 1656 939 1753; x_wconf 92' lang='lat' dir='ltr'><strong>qui</strong></span> <span class='ocrx_word' id='word_1_85' title='bbox 956 1666 1078 1727; x_wconf 87' lang='lat' dir='ltr'><strong>movet</strong></span> <span class='ocrx_word' id='word_1_86' title='bbox 1093 1651 1197 1726; x_wconf 86' lang='lat' dir='ltr'><strong>fibras</strong></span> <span class='ocrx_word' id='word_1_87' title='bbox 1213 1677 1368 1750; x_wconf 89' lang='lat' dir='ltr'><strong>quarum</strong></span> <span class='ocrx_word' id='word_1_88' title='bbox 1381 1649 1643 1748; x_wconf 89' lang='lat' dir='ltr'><strong>parallelismus</strong></span> <span class='ocrx_word' id='word_1_89' title='bbox 1651 1654 1785 1729; x_wconf 88' lang='lat' dir='ltr'><strong>iterum</strong></span> <span class='ocrx_word' id='word_1_90' title='bbox 1800 1638 1926 1735; x_wconf 69' lang='lat' dir='ltr'><strong>eidem</strong></span> 
     </span>
     <span class='ocr_line' id='line_1_11' title="bbox 431 1770 1926 1869; baseline 0.003 -17"><span class='ocrx_word' id='word_1_91' title='bbox 431 1778 631 1869; x_wconf 81' lang='lat' dir='ltr'><strong>eeleritate,</strong></span> <span class='ocrx_word' id='word_1_92' title='bbox 649 1776 756 1850; x_wconf 75' lang='lat' dir='ltr'><strong>causi</strong></span> <span class='ocrx_word' id='word_1_93' title='bbox 772 1789 947 1867; x_wconf 80' lang='lat' dir='ltr'><strong>cessante,</strong></span> <span class='ocrx_word' id='word_1_94' title='bbox 965 1774 1131 1847; x_wconf 86' lang='lat' dir='ltr'><strong>efficitur.</strong></span> <span class='ocrx_word' id='word_1_95' title='bbox 1145 1771 1307 1845; x_wconf 87' lang='lat' dir='ltr'><strong>Tandem</strong></span> <span class='ocrx_word' id='word_1_96' title='bbox 1322 1770 1434 1843; x_wconf 89' lang='lat' dir='ltr'><strong>iidem</strong></span> <span class='ocrx_word' id='word_1_97' title='bbox 1445 1785 1607 1844; x_wconf 89' lang='lat' dir='ltr'><strong>auctores</strong></span> <span class='ocrx_word' id='word_1_98' title='bbox 1621 1772 1856 1853; x_wconf 70' lang='lat' dir='ltr'><strong>observarunt</strong></span> <span class='ocrx_word' id='word_1_99' title='bbox 1866 1780 1926 1857; x_wconf 81' lang='lat' dir='ltr'><strong>fils</strong></span> 
     </span>
     <span class='ocr_line' id='line_1_12' title="bbox 431 1890 1926 1996; baseline 0 -25"><span class='ocrx_word' id='word_1_100' title='bbox 431 1923 581 1973; x_wconf 81' lang='lat' dir='ltr'><strong>nervosa</strong></span> <span class='ocrx_word' id='word_1_101' title='bbox 602 1922 686 1996; x_wconf 77' lang='lat' dir='ltr'><strong>quae</strong></span> <span class='ocrx_word' id='word_1_102' title='bbox 712 1908 902 1995; x_wconf 89' lang='lat' dir='ltr'><strong>permeant</strong></span> <span class='ocrx_word' id='word_1_103' title='bbox 927 1895 1031 1968; x_wconf 90' lang='lat' dir='ltr'><strong>fibras</strong></span> <span class='ocrx_word' id='word_1_104' title='bbox 1061 1892 1305 1982; x_wconf 86' lang='lat' dir='ltr'><strong>museulares,</strong></span> <span class='ocrx_word' id='word_1_105' title='bbox 1334 1890 1482 1963; x_wconf 78' lang='lat' dir='ltr'><strong>extendi</strong></span> <span class='ocrx_word' id='word_1_106' title='bbox 1503 1893 1543 1964; x_wconf 95' lang='lat' dir='ltr'><strong>in</strong></span> <span class='ocrx_word' id='word_1_107' title='bbox 1566 1892 1664 1967; x_wconf 88' lang='lat' dir='ltr'><strong>hisce</strong></span> <span class='ocrx_word' id='word_1_108' title='bbox 1691 1900 1835 1993; x_wconf 85' lang='lat' dir='ltr'><strong>punctis</strong></span> <span class='ocrx_word' id='word_1_109' title='bbox 1861 1898 1926 1977; x_wconf 85' lang='lat' dir='ltr'><strong>nbi</strong></span> 
     </span>
     <span class='ocr_line' id='line_1_13' title="bbox 432 2009 1924 2114; baseline 0.003 -23"><span class='ocrx_word' id='word_1_110' title='bbox 432 2016 603 2091; x_wconf 81' lang='lat' dir='ltr'><strong>flexiones</strong></span> <span class='ocrx_word' id='word_1_111' title='bbox 624 2014 815 2112; x_wconf 82' lang='lat' dir='ltr'><strong>angulares</strong></span> <span class='ocrx_word' id='word_1_112' title='bbox 840 2014 1095 2114; x_wconf 86' lang='lat' dir='ltr'><strong>producuntur</strong></span> <span class='ocrx_word' id='word_1_113' title='bbox 1119 2027 1155 2084; x_wconf 89' lang='lat' dir='ltr'><strong>et</strong></span> <span class='ocrx_word' id='word_1_114' title='bbox 1186 2009 1480 2109; x_wconf 87' lang='lat' dir='ltr'><strong>reproducuntur</strong></span> <span class='ocrx_word' id='word_1_115' title='bbox 1501 2012 1652 2113; x_wconf 87' lang='lat' dir='ltr'><strong>singulis</strong></span> <span class='ocrx_word' id='word_1_116' title='bbox 1673 2016 1924 2095; x_wconf 84' lang='lat' dir='ltr'><strong>incitamentis.</strong></span> 
     </span>
     <span class='ocr_line' id='line_1_14' title="bbox 433 2129 1927 2233; baseline 0.003 -25"><span class='ocrx_word' id='word_1_117' title='bbox 433 2134 508 2209; x_wconf 82' lang='lat' dir='ltr'>111ae</span> <span class='ocrx_word' id='word_1_118' title='bbox 531 2134 795 2211; x_wconf 85' lang='lat' dir='ltr'><strong>observationes</strong></span> <span class='ocrx_word' id='word_1_119' title='bbox 815 2133 973 2233; x_wconf 90' lang='lat' dir='ltr'><strong>aliquam</strong></span> <span class='ocrx_word' id='word_1_120' title='bbox 993 2132 1187 2208; x_wconf 82' lang='lat' dir='ltr'><strong>utilitatem</strong></span> <span class='ocrx_word' id='word_1_121' title='bbox 1212 2144 1361 2229; x_wconf 87' lang='lat' dir='ltr'><strong>possunt</strong></span> <span class='ocrx_word' id='word_1_122' title='bbox 1385 2129 1518 2204; x_wconf 89' lang='lat' dir='ltr'><strong>habere</strong></span> <span class='ocrx_word' id='word_1_123' title='bbox 1540 2132 1577 2203; x_wconf 92' lang='lat' dir='ltr'><strong>in</strong></span> <span class='ocrx_word' id='word_1_124' title='bbox 1602 2134 1722 2209; x_wconf 90' lang='lat' dir='ltr'><strong>studio</strong></span> <span class='ocrx_word' id='word_1_125' title='bbox 1742 2140 1927 2216; x_wconf 78' lang='lat' dir='ltr'><strong>musculo-</strong></span> 
     </span>
     <span class='ocr_line' id='line_1_15' title="bbox 432 2250 737 2331; baseline -0.016 0"><span class='ocrx_word' id='word_1_126' title='bbox 432 2280 516 2331; x_wconf 84' lang='lat' dir='ltr'><strong>rum</strong></span> <span class='ocrx_word' id='word_1_127' title='bbox 539 2250 737 2328; x_wconf 87' lang='lat' dir='ltr'><strong>Lumbriei.</strong></span> 
     </span>
    </p>

    <p class='ocr_par' dir='ltr' id='par_1_4' title="bbox 434 2364 1928 2716">
     <span class='ocr_line' id='line_1_16' title="bbox 481 2364 1926 2476; baseline 0.006 -28"><span class='ocrx_word' id='word_1_128' title='bbox 481 2376 581 2449; x_wconf 89' lang='lat' dir='ltr'><strong>Duas</strong></span> <span class='ocrx_word' id='word_1_129' title='bbox 595 2375 732 2473; x_wconf 84' lang='lat' dir='ltr'><strong>species</strong></span> <span class='ocrx_word' id='word_1_130' title='bbox 746 2387 933 2467; x_wconf 88' lang='lat' dir='ltr'><strong>motuum,</strong></span> <span class='ocrx_word' id='word_1_131' title='bbox 949 2375 1061 2448; x_wconf 88' lang='lat' dir='ltr'><strong>instar</strong></span> <span class='ocrx_word' id='word_1_132' title='bbox 1071 2373 1388 2476; x_wconf 84' lang='lat' dir='ltr'><strong>Physiologorum,</strong></span> <span class='ocrx_word' id='word_1_133' title='bbox 1407 2371 1689 2474; x_wconf 84' lang='lat' dir='ltr'><strong>distinguemus:</strong></span> <span class='ocrx_word' id='word_1_134' title='bbox 1709 2364 1926 2471; x_wconf 65' lang='lat' dir='ltr'><strong>Patruus,</strong></span> 
     </span>
     <span class='ocr_line' id='line_1_17' title="bbox 434 2492 1928 2600; baseline 0.006 -33"><span class='ocrx_word' id='word_1_135' title='bbox 434 2495 510 2569; x_wconf 84' lang='lat' dir='ltr'><strong>sive</strong></span> <span class='ocrx_word' id='word_1_136' title='bbox 535 2492 614 2566; x_wconf 92' lang='lat' dir='ltr'><strong>illos</strong></span> <span class='ocrx_word' id='word_1_137' title='bbox 637 2506 757 2567; x_wconf 89' lang='lat' dir='ltr'><strong>motus</strong></span> <span class='ocrx_word' id='word_1_138' title='bbox 784 2518 849 2592; x_wconf 89' lang='lat' dir='ltr'><strong>per</strong></span> <span class='ocrx_word' id='word_1_139' title='bbox 872 2518 962 2592; x_wconf 90' lang='lat' dir='ltr'><strong>quos</strong></span> <span class='ocrx_word' id='word_1_140' title='bbox 982 2493 1136 2568; x_wconf 84' lang='lat' dir='ltr'><strong>efficitur</strong></span> <span class='ocrx_word' id='word_1_141' title='bbox 1159 2494 1287 2592; x_wconf 86' lang='lat' dir='ltr'><strong>positio</strong></span> <span class='ocrx_word' id='word_1_142' title='bbox 1310 2494 1492 2591; x_wconf 82' lang='lat' dir='ltr'><strong>reciproca</strong></span> <span class='ocrx_word' id='word_1_143' title='bbox 1510 2499 1672 2593; x_wconf 87' lang='lat' dir='ltr'><strong>partium</strong></span> <span class='ocrx_word' id='word_1_144' title='bbox 1692 2502 1865 2600; x_wconf 78' lang='lat' dir='ltr'><strong>eorporis,</strong></span> <span class='ocrx_word' id='word_1_145' title='bbox 1889 2517 1928 2577; x_wconf 86' lang='lat' dir='ltr'><strong>et</strong></span> 
     </span>
     <span class='ocr_line' id='line_1_18' title="bbox 435 2611 1617 2716; baseline 0.002 -30"><span class='ocrx_word' id='word_1_146' title='bbox 435 2614 712 2716; x_wconf 76' lang='lat' dir='ltr'><strong>Locorrzotorios</strong></span> <span class='ocrx_word' id='word_1_147' title='bbox 733 2615 799 2711; x_wconf 90' lang='lat' dir='ltr'><strong>qui</strong></span> <span class='ocrx_word' id='word_1_148' title='bbox 822 2611 1012 2686; x_wconf 86' lang='lat' dir='ltr'><strong>relationes</strong></span> <span class='ocrx_word' id='word_1_149' title='bbox 1028 2615 1184 2713; x_wconf 88' lang='lat' dir='ltr'><strong>corporis</strong></span> <span class='ocrx_word' id='word_1_150' title='bbox 1204 2639 1288 2686; x_wconf 90' lang='lat' dir='ltr'><strong>cum</strong></span> <span class='ocrx_word' id='word_1_151' title='bbox 1315 2613 1388 2685; x_wconf 87' lang='lat' dir='ltr'><strong>solo</strong></span> <span class='ocrx_word' id='word_1_152' title='bbox 1410 2614 1617 2688; x_wconf 86' lang='lat' dir='ltr'><strong>immutant.</strong></span> 
     </span>
    </p>

    <p class='ocr_par' dir='ltr' id='par_1_5' title="bbox 434 2732 1928 3069">
     <span class='ocr_line' id='line_1_19' title="bbox 485 2732 1928 2832; baseline 0.008 -25"><span class='ocrx_word' id='word_1_153' title='bbox 485 2735 585 2807; x_wconf 82' lang='lat' dir='ltr'><strong>luter</strong></span> <span class='ocrx_word' id='word_1_154' title='bbox 604 2733 669 2806; x_wconf 88' lang='lat' dir='ltr'><strong>hos</strong></span> <span class='ocrx_word' id='word_1_155' title='bbox 688 2746 807 2806; x_wconf 84' lang='lat' dir='ltr'><strong>motus</strong></span> <span class='ocrx_word' id='word_1_156' title='bbox 822 2757 897 2806; x_wconf 91' lang='lat' dir='ltr'><strong>non</strong></span> <span class='ocrx_word' id='word_1_157' title='bbox 917 2757 1153 2808; x_wconf 83' lang='lat' dir='ltr'><strong>numeramus</strong></span> <span class='ocrx_word' id='word_1_158' title='bbox 1168 2732 1247 2806; x_wconf 89' lang='lat' dir='ltr'><strong>illos</strong></span> <span class='ocrx_word' id='word_1_159' title='bbox 1268 2734 1333 2832; x_wconf 93' lang='lat' dir='ltr'><strong>qui</strong></span> <span class='ocrx_word' id='word_1_160' title='bbox 1344 2754 1429 2806; x_wconf 78' lang='lat' dir='ltr'><strong>¹sese</strong></span> <span class='ocrx_word' id='word_1_161' title='bbox 1448 2736 1681 2810; x_wconf 87' lang='lat' dir='ltr'><strong>manifestant</strong></span> <span class='ocrx_word' id='word_1_162' title='bbox 1701 2741 1740 2812; x_wconf 90' lang='lat' dir='ltr'><strong>in</strong></span> <span class='ocrx_word' id='word_1_163' title='bbox 1759 2742 1928 2819; x_wconf 80' lang='lat' dir='ltr'><strong>musculis</strong></span> 
     </span>
     <span class='ocr_line' id='line_1_20' title="bbox 437 2852 1928 2954; baseline 0.008 -27"><span class='ocrx_word' id='word_1_164' title='bbox 437 2879 656 2954; x_wconf 86' lang='lat' dir='ltr'><strong>organorum</strong></span> <span class='ocrx_word' id='word_1_165' title='bbox 676 2854 904 2927; x_wconf 90' lang='lat' dir='ltr'><strong>internorum</strong></span> <span class='ocrx_word' id='word_1_166' title='bbox 926 2854 1041 2930; x_wconf 85' lang='lat' dir='ltr'><strong>veluti</strong></span> <span class='ocrx_word' id='word_1_167' title='bbox 1061 2855 1253 2945; x_wconf 81' lang='lat' dir='ltr'><strong>stomachi,</strong></span> <span class='ocrx_word' id='word_1_168' title='bbox 1276 2852 1409 2927; x_wconf 88' lang='lat' dir='ltr'><strong>canalis</strong></span> <span class='ocrx_word' id='word_1_169' title='bbox 1429 2856 1661 2952; x_wconf 86' lang='lat' dir='ltr'><strong>intestinalis,</strong></span> <span class='ocrx_word' id='word_1_170' title='bbox 1685 2873 1755 2934; x_wconf 84' lang='lat' dir='ltr'><strong>ete.</strong></span> <span class='ocrx_word' id='word_1_171' title='bbox 1782 2862 1826 2935; x_wconf 89' lang='lat' dir='ltr'><strong>In</strong></span> <span class='ocrx_word' id='word_1_172' title='bbox 1849 2862 1928 2939; x_wconf 79' lang='lat' dir='ltr'><strong>illu</strong></span> 
     </span>
     <span class='ocr_line' id='line_1_21' title="bbox 434 2973 1776 3069; baseline 0.002 -19"><span class='ocrx_word' id='word_1_173' title='bbox 434 2979 534 3050; x_wconf 86' lang='lat' dir='ltr'><strong>enim</strong></span> <span class='ocrx_word' id='word_1_174' title='bbox 554 2990 694 3069; x_wconf 87' lang='lat' dir='ltr'><strong>motus,</strong></span> <span class='ocrx_word' id='word_1_175' title='bbox 717 2973 895 3048; x_wconf 81' lang='lat' dir='ltr'><strong>Voluntas</strong></span> <span class='ocrx_word' id='word_1_176' title='bbox 915 2974 975 3050; x_wconf 82' lang='lat' dir='ltr'><strong>vel</strong></span> <span class='ocrx_word' id='word_1_177' title='bbox 994 2976 1188 3049; x_wconf 89' lang='lat' dir='ltr'><strong>Instinctus</strong></span> <span class='ocrx_word' id='word_1_178' title='bbox 1215 2974 1355 3047; x_wconf 89' lang='lat' dir='ltr'><strong>nullam</strong></span> <span class='ocrx_word' id='word_1_179' title='bbox 1377 2976 1453 3050; x_wconf 84' lang='lat' dir='ltr'><strong>vim</strong></span> <span class='ocrx_word' id='word_1_180' title='bbox 1475 2993 1658 3052; x_wconf 76' lang='lat' dir='ltr'><strong>exercent.</strong></span> <span class='ocrx_word' id='word_1_181' title='bbox 1771 3054 1776 3065; x_wconf 75' lang='grc'>,</span> 
     </span>
    </p>
   </div>
   <div class='ocr_carea' id='block_1_3' title="bbox 879 3171 1503 3271">
    <p class='ocr_par' dir='ltr' id='par_1_6' title="bbox 879 3171 1503 3271">
     <span class='ocr_line' id='line_1_22' title="bbox 879 3171 1503 3271; baseline 0.003 -28"><span class='ocrx_word' id='word_1_182' title='bbox 879 3171 911 3243; x_wconf 92' lang='lat' dir='ltr'><strong><em>I</em></strong></span> <span class='ocrx_word' id='word_1_183' title='bbox 910 3222 919 3243; x_wconf 88' lang='lat'><strong>.</strong></span> <span class='ocrx_word' id='word_1_184' title='bbox 965 3173 1030 3245; x_wconf 87' lang='lat' dir='ltr'><strong>De</strong></span> <span class='ocrx_word' id='word_1_185' title='bbox 1060 3172 1224 3245; x_wconf 81' lang='lat' dir='ltr'><strong>motibus</strong></span> <span class='ocrx_word' id='word_1_186' title='bbox 1248 3172 1503 3271; x_wconf 83' lang='lat' dir='ltr'><strong>partialibus.</strong></span> 
     </span>
    </p>
   </div>
   <div class='ocr_carea' id='block_1_4' title="bbox 438 3333 1930 3804">
    <p class='ocr_par' dir='ltr' id='par_1_7' title="bbox 438 3333 1930 3804">
     <span class='ocr_line' id='line_1_23' title="bbox 487 3333 1928 3444; baseline 0.01 -39"><span class='ocrx_word' id='word_1_187' title='bbox 487 3333 564 3407; x_wconf 80' lang='lat'>1100</span> <span class='ocrx_word' id='word_1_188' title='bbox 584 3334 732 3407; x_wconf 88' lang='lat' dir='ltr'><strong>nomine</strong></span> <span class='ocrx_word' id='word_1_189' title='bbox 757 3334 913 3434; x_wconf 88' lang='lat' dir='ltr'><strong>insignio</strong></span> <span class='ocrx_word' id='word_1_190' title='bbox 933 3349 1052 3409; x_wconf 89' lang='lat' dir='ltr'><strong>motus</strong></span> <span class='ocrx_word' id='word_1_191' title='bbox 1078 3336 1143 3435; x_wconf 94' lang='lat' dir='ltr'><strong>qui</strong></span> <span class='ocrx_word' id='word_1_192' title='bbox 1166 3360 1241 3409; x_wconf 88' lang='lat' dir='ltr'><strong>sese</strong></span> <span class='ocrx_word' id='word_1_193' title='bbox 1265 3336 1497 3409; x_wconf 86' lang='lat' dir='ltr'><strong>manifestant</strong></span> <span class='ocrx_word' id='word_1_194' title='bbox 1519 3339 1559 3410; x_wconf 90' lang='lat' dir='ltr'><strong>in</strong></span> <span class='ocrx_word' id='word_1_195' title='bbox 1586 3339 1757 3414; x_wconf 82' lang='lat' dir='ltr'><strong>musculis</strong></span> <span class='ocrx_word' id='word_1_196' title='bbox 1780 3344 1928 3444; x_wconf 79' lang='lat' dir='ltr'><strong>capitis3</strong></span> 
     </span>
     <span class='ocr_line' id='line_1_24' title="bbox 438 3455 1930 3558; baseline 0.007 -28"><span class='ocrx_word' id='word_1_197' title='bbox 438 3468 557 3530; x_wconf 88' lang='lat' dir='ltr'><strong>motus</strong></span> <span class='ocrx_word' id='word_1_198' title='bbox 572 3455 819 3530; x_wconf 85' lang='lat' dir='ltr'><strong>musculorum</strong></span> <span class='ocrx_word' id='word_1_199' title='bbox 836 3458 993 3555; x_wconf 88' lang='lat' dir='ltr'><strong>corporis</strong></span> <span class='ocrx_word' id='word_1_200' title='bbox 1008 3457 1120 3557; x_wconf 89' lang='lat' dir='ltr'><strong>magis</strong></span> <span class='ocrx_word' id='word_1_201' title='bbox 1132 3469 1296 3558; x_wconf 88' lang='lat' dir='ltr'><strong>spectant</strong></span> <span class='ocrx_word' id='word_1_202' title='bbox 1311 3455 1357 3530; x_wconf 84' lang='lat' dir='ltr'><strong>ad</strong></span> <span class='ocrx_word' id='word_1_203' title='bbox 1373 3470 1492 3530; x_wconf 89' lang='lat' dir='ltr'><strong>motus</strong></span> <span class='ocrx_word' id='word_1_204' title='bbox 1506 3458 1751 3535; x_wconf 88' lang='lat' dir='ltr'><strong>locomotorios</strong></span> <span class='ocrx_word' id='word_1_205' title='bbox 1762 3476 1800 3534; x_wconf 87' lang='lat' dir='ltr'><strong>et</strong></span> <span class='ocrx_word' id='word_1_206' title='bbox 1814 3463 1860 3539; x_wconf 91' lang='lat' dir='ltr'><strong>de</strong></span> <span class='ocrx_word' id='word_1_207' title='bbox 1873 3464 1930 3540; x_wconf 79' lang='lat' dir='ltr'><strong>his</strong></span> 
     </span>
     <span class='ocr_line' id='line_1_25' title="bbox 439 3577 1929 3682; baseline 0.007 -32"><span class='ocrx_word' id='word_1_208' title='bbox 439 3579 580 3651; x_wconf 83' lang='lat' dir='ltr'><strong>raonuisi</strong></span> <span class='ocrx_word' id='word_1_209' title='bbox 596 3580 635 3651; x_wconf 91' lang='lat' dir='ltr'><strong>in</strong></span> <span class='ocrx_word' id='word_1_210' title='bbox 655 3577 828 3653; x_wconf 87' lang='lat' dir='ltr'><strong>divisione</strong></span> <span class='ocrx_word' id='word_1_211' title='bbox 845 3592 1019 3678; x_wconf 87' lang='lat' dir='ltr'><strong>sequente</strong></span> <span class='ocrx_word' id='word_1_212' title='bbox 1034 3578 1239 3679; x_wconf 89' lang='lat' dir='ltr'><strong>loquemur.</strong></span> <span class='ocrx_word' id='word_1_213' title='bbox 1259 3577 1555 3652; x_wconf 83' lang='lat' dir='ltr'><strong>Examinabimus</strong></span> <span class='ocrx_word' id='word_1_214' title='bbox 1571 3595 1690 3653; x_wconf 88' lang='lat' dir='ltr'><strong>motus</strong></span> <span class='ocrx_word' id='word_1_215' title='bbox 1708 3582 1929 3682; x_wconf 87' lang='lat' dir='ltr'><strong>singulorum</strong></span> 
     </span>
     <span class='ocr_line' id='line_1_26' title="bbox 440 3697 1929 3804; baseline 0.006 -31"><span class='ocrx_word' id='word_1_216' title='bbox 440 3698 784 3797; x_wconf 80' lang='lat' dir='ltr'><strong>musculorumquos</strong></span> <span class='ocrx_word' id='word_1_217' title='bbox 794 3700 833 3771; x_wconf 91' lang='lat' dir='ltr'><strong>in</strong></span> <span class='ocrx_word' id='word_1_218' title='bbox 845 3697 1194 3800; x_wconf 83' lang='lat' dir='ltr'><strong>capitepraecedente</strong></span> <span class='ocrx_word' id='word_1_219' title='bbox 1207 3697 1374 3789; x_wconf 87' lang='lat' dir='ltr'><strong>vidimus,</strong></span> <span class='ocrx_word' id='word_1_220' title='bbox 1382 3698 1553 3772; x_wconf 90' lang='lat' dir='ltr'><strong>eumdem</strong></span> <span class='ocrx_word' id='word_1_221' title='bbox 1562 3699 1725 3776; x_wconf 90' lang='lat' dir='ltr'><strong>ordinem</strong></span> <span class='ocrx_word' id='word_1_222' title='bbox 1735 3706 1929 3804; x_wconf 85' lang='lat' dir='ltr'><strong>sequendo.</strong></span> 
     </span>
    </p>
   </div>
   <div class='ocr_carea' id='block_1_5' title="bbox 823 3894 1511 3968">
    <p class='ocr_par' dir='ltr' id='par_1_8' title="bbox 823 3894 1511 3968">
     <span class='ocr_line' id='line_1_27' title="bbox 823 3894 1511 3968; baseline 0 -1"><span class='ocrx_word' id='word_1_223' title='bbox 823 3962 826 3967; x_wconf 87' lang='lat'><strong>.</strong></span> <span class='ocrx_word' id='word_1_224' title='bbox 874 3898 927 3966; x_wconf 87' lang='lat'><strong>1⁰.</strong></span> <span class='ocrx_word' id='word_1_225' title='bbox 968 3894 1105 3968; x_wconf 82' lang='lat' dir='ltr'><strong>Motus</strong></span> <span class='ocrx_word' id='word_1_226' title='bbox 1135 3895 1389 3967; x_wconf 83' lang='lat' dir='ltr'><strong>constrictoris</strong></span> <span class='ocrx_word' id='word_1_227' title='bbox 1421 3897 1511 3967; x_wconf 84' lang='lat' dir='ltr'><strong>oris.</strong></span> 
     </span>
    </p>
   </div>
   <div class='ocr_carea' id='block_1_6' title="bbox 252 4052 1931 4164">
    <p class='ocr_par' dir='ltr' id='par_1_9' title="bbox 252 4052 1931 4164">
     <span class='ocr_line' id='line_1_28' title="bbox 252 4052 1931 4164; baseline 0.011 -37"><span class='ocrx_word' id='word_1_228' title='bbox 252 4074 342 4127; x_wconf 70' lang='lat' dir='ltr'><strong>atera·</strong></span> <span class='ocrx_word' id='word_1_229' title='bbox 359 4076 414 4127; x_wconf 75' lang='lat' dir='ltr'><strong>om</strong></span> <span class='ocrx_word' id='word_1_230' title='bbox 490 4052 558 4129; x_wconf 81' lang='lat' dir='ltr'><strong>ttie</strong></span> <span class='ocrx_word' id='word_1_231' title='bbox 579 4054 785 4149; x_wconf 84' lang='lat' dir='ltr'><strong>musculus,</strong></span> <span class='ocrx_word' id='word_1_232' title='bbox 815 4059 1121 4157; x_wconf 86' lang='lat' dir='ltr'><strong>quemadmodum</strong></span> <span class='ocrx_word' id='word_1_233' title='bbox 1147 4085 1282 4134; x_wconf 90' lang='lat' dir='ltr'><strong>nomen</strong></span> <span class='ocrx_word' id='word_1_234' title='bbox 1305 4060 1385 4164; x_wconf 88' lang='lat' dir='ltr'><strong>ejus</strong></span> <span class='ocrx_word' id='word_1_235' title='bbox 1405 4061 1561 4158; x_wconf 89' lang='lat' dir='ltr'><strong>indicat,</strong></span> <span class='ocrx_word' id='word_1_236' title='bbox 1585 4065 1774 4141; x_wconf 86' lang='lat' dir='ltr'><strong>cavitatem</strong></span> <span class='ocrx_word' id='word_1_237' title='bbox 1796 4066 1931 4145; x_wconf 76' lang='lat' dir='ltr'><strong>orden</strong></span> 
     </span>
    </p>
   </div>
   <div class='ocr_carea' id='block_1_7' title="bbox 233 4142 424 4199">
    <p class='ocr_par' dir='ltr' id='par_1_10' title="bbox 233 4142 424 4199">
     <span class='ocr_line' id='line_1_29' title="bbox 233 4142 424 4199; baseline 0.01 -6"><span class='ocrx_word' id='word_1_238' title='bbox 233 4142 424 4199; x_wconf 72' lang='lat' dir='ltr'><strong>aemulatoris.</strong></span> 
     </span>
    </p>
   </div>
   <div class='ocr_carea' id='block_1_8' title="bbox 442 4176 1931 4399">
    <p class='ocr_par' dir='ltr' id='par_1_11' title="bbox 442 4176 1931 4399">
     <span class='ocr_line' id='line_1_30' title="bbox 442 4176 1931 4287; baseline 0.009 -36"><span class='ocrx_word' id='word_1_239' title='bbox 442 4176 622 4251; x_wconf 83' lang='lat' dir='ltr'><strong>eorrtralrit</strong></span> <span class='ocrx_word' id='word_1_240' title='bbox 642 4180 717 4255; x_wconf 89' lang='lat' dir='ltr'><strong>sive</strong></span> <span class='ocrx_word' id='word_1_241' title='bbox 737 4176 880 4277; x_wconf 79' lang='lat' dir='ltr'><strong>dilatat:</strong></span> <span class='ocrx_word' id='word_1_242' title='bbox 904 4182 976 4257; x_wconf 83' lang='lat' dir='ltr'><strong>illae</strong></span> <span class='ocrx_word' id='word_1_243' title='bbox 996 4181 1093 4257; x_wconf 84' lang='lat' dir='ltr'><strong>librae</strong></span> <span class='ocrx_word' id='word_1_244' title='bbox 1110 4182 1289 4257; x_wconf 87' lang='lat' dir='ltr'><strong>radiantes</strong></span> <span class='ocrx_word' id='word_1_245' title='bbox 1305 4182 1480 4258; x_wconf 81' lang='lat' dir='ltr'><strong>exhibent</strong></span> <span class='ocrx_word' id='word_1_246' title='bbox 1498 4184 1715 4284; x_wconf 87' lang='lat' dir='ltr'><strong>aptissimam</strong></span> <span class='ocrx_word' id='word_1_247' title='bbox 1732 4185 1931 4287; x_wconf 85' lang='lat' dir='ltr'><strong>dispositio-</strong></span> 
     </span>
     <span class='ocr_line' id='line_1_31' title="bbox 443 4293 1931 4399; baseline 0.011 -29"><span class='ocrx_word' id='word_1_248' title='bbox 443 4324 545 4391; x_wconf 85' lang='lat' dir='ltr'><strong>ueru,</strong></span> <span class='ocrx_word' id='word_1_249' title='bbox 573 4299 769 4399; x_wconf 74' lang='lat' dir='ltr'><strong>presertim</strong></span> <span class='ocrx_word' id='word_1_250' title='bbox 791 4301 820 4373; x_wconf 88' lang='lat' dir='ltr'><strong>si</strong></span> <span class='ocrx_word' id='word_1_251' title='bbox 841 4302 931 4376; x_wconf 90' lang='lat' dir='ltr'><strong>ratio</strong></span> <span class='ocrx_word' id='word_1_252' title='bbox 952 4302 1129 4378; x_wconf 89' lang='lat' dir='ltr'><strong>habeatur</strong></span> <span class='ocrx_word' id='word_1_253' title='bbox 1148 4302 1195 4377; x_wconf 90' lang='lat' dir='ltr'><strong>ad</strong></span> <span class='ocrx_word' id='word_1_254' title='bbox 1216 4318 1357 4379; x_wconf 86' lang='lat' dir='ltr'><strong>motum</strong></span> <span class='ocrx_word' id='word_1_255' title='bbox 1377 4318 1573 4379; x_wconf 86' lang='lat' dir='ltr'><strong>retrorsum</strong></span> <span class='ocrx_word' id='word_1_256' title='bbox 1598 4293 1768 4381; x_wconf 80' lang='lat' dir='ltr'><strong>effectum</strong></span> <span class='ocrx_word' id='word_1_257' title='bbox 1793 4322 1831 4382; x_wconf 89' lang='lat' dir='ltr'><strong>et</strong></span> <span class='ocrx_word' id='word_1_258' title='bbox 1852 4314 1931 4386; x_wconf 82' lang='lat' dir='ltr'><strong>vioe</strong></span> 
     </span>
    </p>
   </div>
   <div class='ocr_carea' id='block_1_9' title="bbox 511 4506 1318 4586">
    <p class='ocr_par' dir='ltr' id='par_1_12' title="bbox 511 4506 1318 4586">
     <span class='ocr_line' id='line_1_32' title="bbox 511 4506 1318 4586; baseline 0.017 -27"><span class='ocrx_word' id='word_1_259' title='bbox 511 4507 556 4573; x_wconf 87' lang='grc' dir='ltr'><strong>(ι)</strong></span> <span class='ocrx_word' id='word_1_260' title='bbox 573 4506 662 4561; x_wconf 67' lang='lat' dir='ltr'><strong>tutet·</strong></span> <span class='ocrx_word' id='word_1_261' title='bbox 677 4506 853 4565; x_wconf 66' lang='lat' dir='ltr'><strong>sternentem</strong></span> <span class='ocrx_word' id='word_1_262' title='bbox 872 4508 906 4565; x_wconf 81' lang='lat' dir='ltr'><strong>ds</strong></span> <span class='ocrx_word' id='word_1_263' title='bbox 922 4508 1105 4586; x_wconf 75' lang='lat' dir='ltr'><strong>Physiologie.</strong></span> <span class='ocrx_word' id='word_1_264' title='bbox 1127 4513 1219 4586; x_wconf 80' lang='lat' dir='ltr'><strong>Paris,</strong></span> <span class='ocrx_word' id='word_1_265' title='bbox 1244 4518 1318 4573; x_wconf 73' lang='lat'><strong>1825.</strong></span> 
     </span>
    </p>
   </div>
   <div class='ocr_carea' id='block_1_10' title="bbox 449 4596 1930 4749">
    <p class='ocr_par' dir='ltr' id='par_1_13' title="bbox 449 4596 1930 4749">
     <span class='ocr_line' id='line_1_33' title="bbox 449 4596 1930 4737; baseline 0.017 -91"><span class='ocrx_word' id='word_1_266' title='bbox 449 4680 469 4734; x_wconf 71' lang='lat'><strong>1⁸</strong></span> <span class='ocrx_word' id='word_1_267' title='bbox 503 4597 556 4693; x_wconf 60' lang='lat' dir='ltr'><strong>ta)</strong></span> <span class='ocrx_word' id='word_1_268' title='bbox 575 4596 704 4737; x_wconf 58' lang='lat' dir='ltr'><strong>:teguria</strong></span> <span class='ocrx_word' id='word_1_269' title='bbox 723 4614 768 4653; x_wconf 80' lang='lat' dir='ltr'><strong>sur</strong></span> <span class='ocrx_word' id='word_1_270' title='bbox 780 4598 820 4653; x_wconf 74' lang='lat' dir='ltr'><strong>les</strong></span> <span class='ocrx_word' id='word_1_271' title='bbox 836 4598 1021 4657; x_wconf 74' lang='lat' dir='ltr'><strong>l’lre&#39;noruiurr</strong></span> <span class='ocrx_word' id='word_1_272' title='bbox 1041 4605 1089 4677; x_wconf 85' lang='lat' dir='ltr'><strong>qui</strong></span> <span class='ocrx_word' id='word_1_273' title='bbox 1108 4618 1320 4681; x_wconf 77' lang='lat' dir='ltr'><strong>accompaguent</strong></span> <span class='ocrx_word' id='word_1_274' title='bbox 1336 4608 1365 4665; x_wconf 78' lang='lat' dir='ltr'><strong>la</strong></span> <span class='ocrx_word' id='word_1_275' title='bbox 1382 4607 1555 4665; x_wconf 82' lang='lat' dir='ltr'><strong>contractiora</strong></span> <span class='ocrx_word' id='word_1_276' title='bbox 1576 4609 1609 4665; x_wconf 83' lang='lat' dir='ltr'><strong>de</strong></span> <span class='ocrx_word' id='word_1_277' title='bbox 1628 4610 1657 4665; x_wconf 82' lang='lat' dir='ltr'><strong>la</strong></span> <span class='ocrx_word' id='word_1_278' title='bbox 1677 4610 1743 4667; x_wconf 82' lang='lat' dir='ltr'><strong>libre</strong></span> <span class='ocrx_word' id='word_1_279' title='bbox 1760 4614 1930 4673; x_wconf 65' lang='lat' dir='ltr'><strong>munusue.</strong></span> 
     </span>
     <span class='ocr_line' id='line_1_34' title="bbox 471 4698 637 4749; baseline 0.036 -16"><span class='ocrx_word' id='word_1_280' title='bbox 471 4698 542 4749; x_wconf 84' lang='lat' dir='ltr'><strong>aru,</strong></span> <span class='ocrx_word' id='word_1_281' title='bbox 564 4700 573 4737; x_wconf 86' lang='lat' dir='ltr'><strong>r</strong></span> <span class='ocrx_word' id='word_1_282' title='bbox 595 4704 609 4737; x_wconf 79' lang='lat' dir='ltr'><strong>o</strong></span> <span class='ocrx_word' id='word_1_283' title='bbox 629 4722 637 4739; x_wconf 94' lang='lat'><strong>.</strong></span> 
     </span>
    </p>
   </div>
   <div class='ocr_carea' id='block_1_11' title="bbox 0 0 2143 5850">
    <p class='ocr_par' dir='ltr' id='par_1_14' title="bbox 0 0 2143 5850">
     <span class='ocr_line' id='line_1_35' title="bbox 0 0 2143 5850; baseline 0 0"><span class='ocrx_word' id='word_1_284' title='bbox 0 0 2143 5850; x_wconf 95' lang='lat' dir='ltr'><strong> </strong></span> 
     </span>
    </p>
   </div>
  </div>
 </body>
</html>
