4244 5850
918 547 1049 653 (49)

222 718 500 820 impressionem
526 713 666 819 praebet
695 715 1001 818 longitudtnalem
1032 742 1059 790 a
1083 714 1312 810 medianam,
1342 715 1415 820 qut
1447 718 1487 794 iu
1510 717 1601 808 durs
1624 734 1744 824 partes

223 842 474 947 symmetrium
495 839 660 916 laterales
676 840 866 918 dividitur.
887 841 1030 916 Canalis
1048 841 1232 943 angularis
1248 864 1323 915 uon
1341 841 1447 919 valde
1465 842 1640 945 profundi
1656 861 1972 950 spe-lorotoructes

222 966 298 1042 cles
318 975 376 1039 est
394 963 458 1038 illa
480 964 686 1066 impressio,
703 988 786 1065 qum
807 964 853 1039 ad
869 962 962 1039 labri
981 951 1201 1040 anteriorem
1220 977 1362 1066 partem
1379 968 1529 1041 omnino
1544 972 1741 1046 evanescit.

274 1106 449 1212 Superior
473 1128 558 1185 vero
581 1108 693 1184 facies
714 1107 867 1214 majores
889 1113 1105 1188 variationes
1124 1110 1280 1216 praebet3
1304 1116 1441 1218 quippe
1460 1116 1625 1194 laterales
1647 1121 1738 1218 lobi,
1757 1145 1850 1229 nsoter
1863 1167 1942 1224 sups-

223 1230 449 1338 trinngulare
465 1235 642 1336 spatium,
664 1233 763 1337 quod
779 1236 873 1336 ipsos
891 1261 1057 1336 separare
1074 1235 1284 1334 ridebatur,
1304 1240 1424 1313 omnin
1441 1240 1601 1343 denique
1618 1243 1741 1320 elimi-
1775 1234 1839 1275 ¹¹⁰¹·

223 1370 379 1452 nantum
415 1358 573 1431 anterior
604 1356 690 1431 labii
721 1382 805 1458 pars
833 1357 1069 1454 distenditur,
1101 1371 1251 1458 tamque
1278 1358 1387 1455 levis,
1412 1359 1534 1463 glabra
1565 1377 1603 1436 et
1630 1365 1742 1467 polita

223 1472 286 1574 lit,
305 1483 351 1556 ut
375 1478 531 1581 amplius
548 1495 670 1582 neque
686 1477 773 1557 ullae
788 1504 908 1582 rugae,
932 1506 1054 1583 neque
1076 1482 1176 1557 sinus
1191 1482 1444 1583 reperiantur3
1467 1497 1557 1560 tuno
1572 1488 1614 1561 [it
1632 1491 1743 1566 etiam

224 1595 366 1680 lucens.
1600 1586 1607 1599 ’

274 1740 401 1849 Margo
423 1747 598 1849 posterior
621 1739 737 1821 nihilo
760 1761 944 1844 mutatur3
970 1751 1130 1825 anterior
1151 1776 1238 1828 vero
1261 1778 1337 1826 non
1362 1749 1519 1854 amplius
1543 1754 1639 1853 hanc
1659 1782 1740 1833 seo—
1757 1777 1903 1853 margines.

225 1871 365 1946 tionem
385 1896 513 1970 quam,
530 1870 740 1970 quiescente
756 1868 870 1966 labio,
888 1869 1040 1972 praebet:
1062 1899 1223 1973 namque
1238 1899 1260 1948 e
1280 1887 1422 1970 contra,
1441 1873 1535 1950 labri
1553 1877 1741 1980 fastigium

224 1996 339 2096 magis
356 1993 503 2069 videtur
522 1994 765 2097 proeminens.
788 1994 971 2069 Laterales
994 1998 1175 2098 margines
1197 1994 1320 2072 minus
1339 2000 1610 2098 proeminentes
1627 2002 1740 2097 fiunt,

224 2123 264 2193 et
288 2107 371 2191 ideo
396 2116 572 2211 efficitur,
594 2130 637 2208 ut
664 2117 780 2195 videri
799 2117 910 2219 possit
931 2115 1071 2219 junctio
1093 2120 1189 2195 inter
1209 2120 1378 2221 superius
1396 2118 1541 2196 labrum
1563 2133 1600 2195 et
1621 2147 1743 2197 mem-

225 2239 355 2317 branas
376 2241 611 2315 annulorum.
1471 2264 1474 2269 “

273 2388 396 2463 Motus
416 2413 529 2489 quam
555 2388 713 2461 maxime
737 2401 822 2462 sunt
849 2385 939 2460 lenti
951 2413 961 2480 3
988 2384 1134 2460 labrum
1156 2382 1410 2459 tantummodo
1438 2385 1608 2462 vacillsre
1633 2387 1741 2464 vide-

93 2527 96 2531 “
225 2523 304 2604 tur,
328 2535 414 2583 cum
436 2509 707 2583 nutrimentum
724 2508 859 2583 animal
875 2501 1029 2608 'qnaerit3
1047 2531 1207 2608 cumque
1228 2508 1380 2607 arrepit‚
1403 2505 1615 2585 sublevatur
1630 2536 1740 2612 supra

226 2632 380 2735 planum
407 2632 514 2706 lineae
538 2633 718 2721 medianae
739 2632 948 2733 superioris.

273 2774 386 2850 Imbri
405 2778 602 2876 superioris
618 2764 848 2850 consistentis
864 2777 989 2850 durior
1006 2777 1099 2850 mibi
1113 2777 1274 2869 videtur,
1292 2795 1402 2877 quam
1420 2775 1569 2876 quidem
1584 2776 1739 2852 inferio-
1756 2779 1949 2838 eonsisnnria.

223 2901 291 2995 ris3
310 2900 457 2974 texturis
475 2901 639 2974 densiore
656 2914 693 2974 et
710 2903 824 3001 magis
840 2901 970 3001 aequali
987 2900 1134 3001 gaudet.
1153 2901 1334 2976 Ceterum
1351 2900 1561 2975 facultatem
1582 2903 1739 2977 maxime

224 3049 301 3100 sese
321 3024 497 3098 tendendi
519 3038 556 3098 et
574 3026 677 3127 quasi
699 3024 929 3126 turgescendi
952 3024 1074 3100 habet.
1100 3024 1273 3100 Alcohule
1296 3049 1408 3124 quam
1435 3024 1630 3097 maximam
1655 3037 1739 3098 ten-

226 3149 365 3223 sionem
384 3149 535 3248 patitur.

744 3346 785 3444 β.
838 3347 1007 3419 Labrum
1034 3345 1208 3448 inferius.

272 3557 435 3635 Lahrum
460 3557 615 3632 inferius
638 3560 836 3658 apponitur
861 3561 955 3659 parti
980 3560 1151 3634 anteriori
1178 3556 1418 3659 inferiorique
1444 3558 1606 3635 caritatis
1628 3556 1735 3631 oralis
1759 3567 1968 3694 sippserinnr-

223 3684 283 3761 rel
303 3685 414 3786 primi
428 3681 574 3774 annuli,
595 3680 782 3783 hujusque
799 3682 905 3755 faciei
921 3683 1075 3757 internae
1092 3694 1130 3756 et
1146 3681 1316 3755 anteriori
1334 3682 1526 3774 inseritur,
1543 3705 1588 3754 ex
1604 3707 1674 3781 qua
1692 3677 1737 3755 ab
1772 3662 1780 3679 ’
1813 3656 1838 3693 ⁰'

224 3807 396 3883 interiore
419 3807 458 3878 in
482 3804 699 3878 exteriorem
723 3817 863 3902 partem
882 3804 1064 3906 dirigitur.
1094 3805 1162 3878 Hic
1185 3804 1333 3904 quidem
1357 3805 1447 3878 situs
1469 3805 1555 3877 sinit
1576 3804 1676 3878 labro
1696 3819 1741 3878 ut

222 3930 427 4034 longiorem
456 3952 593 4001 moram
619 3929 658 3999 in
685 3951 746 4000 ore
774 3928 884 4026 possit
908 3927 1042 4002 facere.
1072 3924 1166 4000 Cum
1195 3950 1282 4002 vero
1308 3926 1453 4002 labrum
1483 3927 1551 4000 hoc
1573 3941 1737 4027 portror-
1811 3925 1816 3940 '

226 4080 307 4130 sum
327 4050 472 4127 labrum
489 4049 657 4148 superius
680 4050 835 4143 oriatur,
858 4063 896 4124 et
918 4077 1003 4124 cnm
1020 4063 1194 4150 praeterea
1212 4050 1328 4123 multo
1348 4052 1470 4123 minus
1492 4049 1634 4142 illusit,
1659 4049 1739 4143 fere

224 4190 368 4278 semper
389 4202 409 4248 a
431 4174 616 4273 superiore
632 4173 786 4272 tegitur3
807 4185 844 4245 et
861 4172 991 4245 exinde
1013 4176 1121 4246 etiam
1144 4171 1362 4247 concludere
1383 4198 1591 4273 possumus,
1609 4171 1738 4272 quire
1903 4221 1909 4227 ⁴-
1947 4194 1961 4273 j
2074 4234 2076 4241 .

222 4314 263 4375 o's
283 4297 475 4399 obliquum
498 4295 676 4372 videntur.
714 4294 756 4367 ln
785 4296 918 4395 quietis
945 4308 1058 4388 statu,
1085 4319 1147 4369 ore
1170 4294 1401 4369 absconditur
1431 4295 1522 4395 (fig.
1547 4295 1595 4389 4,
1625 4297 1671 4388 7,
1700 4297 1737 4370 8.

228 4422 306 4496 tab.
331 4420 471 4519 III.);
498 4416 643 4518 quando
660 4442 706 4490 ex
730 4442 793 4490 ore
818 4422 912 4511 exit,
935 4441 1139 4519 numquam
1162 4418 1241 4494 fere
1265 4419 1395 4494 saliens
1416 4416 1736 4511 animadvertitur,

227 4549 294 4623 nisi
315 4545 561 4621 contractione
584 4571 695 4644 quam
719 4543 876 4616 maximi
892 4543 1042 4638 effecti,
1067 4558 1104 4618 et
1125 4558 1215 4617 tunc
1237 4543 1388 4646 quidem
1403 4543 1548 4616 nonnisi
1566 4541 1737 4642 exiguam

228 4682 366 4773 partem
389 4666 536 4763 annuli,
564 4668 696 4767 inquo
723 4666 977 4767 progreditur,
1001 4667 1171 4763 obducit3
1196 4693 1400 4769 numquam
1422 4656 1597 4768 preterea
1618 4665 1746 4773 solum,

1245 4877 1246 4881 ,
1343 4817 1364 4890 7
